type,time,product_id,sequence,order_id,funds,size,price,side,order_type
done,2018-08-03T01:25:44.119000Z,BTC-USD,6462399028,7389.47000000,a15a2365-2148-4d29-803b-3ab43f6f2dbf,canceled,sell,0.20555764
done,2018-08-03T01:25:44.132000Z,BTC-USD,6462399029,7337.89000000,76515d69-f52e-4813-ac53-e5ed3ebc12a2,canceled,buy,0.30000000
done,2018-08-03T01:25:44.136000Z,BTC-USD,6462399030,7403.99000000,38fad37e-f087-4891-a8df-d426aae77117,canceled,sell,0.02128000
done,2018-08-03T01:25:44.177000Z,BTC-USD,6462399037,7321.97000000,375d533e-322b-40f0-a174-2a6a945579f3,canceled,buy,0.20555764
done,2018-08-03T01:25:44.183000Z,BTC-USD,6462399038,7337.98000000,1f346f6c-c18f-4666-8b5d-211bbffe151b,canceled,buy,0.30000000
done,2018-08-03T01:25:44.252000Z,BTC-USD,6462399043,7389.46000000,4ffb1276-b633-4124-9f91-0b6550673cd5,canceled,sell,0.20555764
done,2018-08-03T01:25:44.281000Z,BTC-USD,6462399052,7321.98000000,a9c1cb20-a4a3-42d8-8e60-5892187770af,canceled,buy,0.20555764
done,2018-08-03T01:25:44.320000Z,BTC-USD,6462399055,7356.99000000,708888c4-deb1-46f2-b966-1982295e6e3d,canceled,sell,1.00000000
done,2018-08-03T01:25:44.368000Z,BTC-USD,6462399058,7321.61000000,407dfbf4-3e2e-4abe-af0d-9fe51035ea4d,canceled,buy,0.12074780
done,2018-08-03T01:25:44.507000Z,BTC-USD,6462399063,7482.41000000,46ecf1bc-d836-4b70-b3dc-fd6b89012848,canceled,sell,2.50000000
done,2018-08-03T01:25:44.551000Z,BTC-USD,6462399064,13047.45000000,59603825-451d-4654-a217-d5b67804bc10,canceled,sell,0.00120000
done,2018-08-03T01:25:44.681000Z,BTC-USD,6462399067,7355.01000000,49d1819c-d43b-408e-8904-93cb2d2c7f09,filled,sell,0
done,2018-08-03T01:25:44.681000Z,BTC-USD,6462399069,7508.18000000,ad7d8291-bbf6-4090-bf19-1b49b6e0904f,filled,buy,0.00000000
done,2018-08-03T01:25:44.873000Z,BTC-USD,6462399070,7348.76000000,1d19c063-561c-4049-a341-99771f43eb4f,canceled,buy,0.20000000
done,2018-08-03T01:25:44.891000Z,BTC-USD,6462399073,7356.76000000,d0775898-ad06-445d-912a-dd3e77835af7,canceled,sell,0.10105000
done,2018-08-03T01:25:44.972000Z,BTC-USD,6462399081,7354.90000000,8dd13949-2249-49fc-907d-60e51bb2d823,canceled,buy,0.00100000
done,2018-08-03T01:25:45.053000Z,BTC-USD,6462399082,7413.88000000,22ec2c85-d002-4169-8225-4f0bd1ed7225,canceled,sell,0.00200000
done,2018-08-03T01:25:45.053000Z,BTC-USD,6462399083,7358.09000000,b31500f7-bac7-4f67-be4f-3e30337840a5,canceled,sell,0.10105000
done,2018-08-03T01:25:45.070000Z,BTC-USD,6462399086,11867.55000000,e3854172-81a2-448e-a9f6-f76b93cb2627,canceled,sell,0.00100000
done,2018-08-03T01:25:45.082000Z,BTC-USD,6462399093,7482.41000000,9f4b3c3f-945a-4dc4-95d9-ad4aa2ce345a,canceled,sell,2.50000000
done,2018-08-03T01:25:45.131000Z,BTC-USD,6462399094,7347.28000000,36db3049-4a92-4acb-a22e-9d95d97c228e,canceled,buy,0.29730000
done,2018-08-03T01:25:45.152000Z,BTC-USD,6462399097,7389.10000000,42812901-b843-4236-afcf-6b06f6335070,canceled,sell,0.08528719
done,2018-08-03T01:25:45.185000Z,BTC-USD,6462399098,7321.28000000,96dc144e-7b7e-40a2-9db8-a14abc068348,canceled,buy,0.20555764
done,2018-08-03T01:25:45.195000Z,BTC-USD,6462399101,7355.01000000,a1d20099-7f78-40da-9163-f888654937c5,canceled,sell,1.00000000
done,2018-08-03T01:25:45.205000Z,BTC-USD,6462399102,7388.76000000,7f4f48a5-f9b6-4702-a4ce-690def4e9b5e,canceled,sell,0.20555764
done,2018-08-03T01:25:45.207000Z,BTC-USD,6462399103,7355.71000000,6ec923bf-1903-4b24-8d8f-9123457e52c6,canceled,sell,1.00000000
done,2018-08-03T01:25:45.217000Z,BTC-USD,6462399104,7355.71000000,5a1b75e9-6082-48e3-9124-101ee8b0f91c,canceled,sell,1.00000000
done,2018-08-03T01:25:45.277000Z,BTC-USD,6462399111,7349.81000000,444b129f-ff29-4bc3-8707-35b61c0a9408,canceled,buy,0.20000000
done,2018-08-03T01:25:45.325000Z,BTC-USD,6462399116,7305.94000000,4d419636-bc1e-4ca5-8b8e-372db99edbf3,canceled,buy,0.12081243
done,2018-08-03T01:25:45.372000Z,BTC-USD,6462399119,7349.81000000,aa807f06-4574-44a2-a677-95ac1bb60560,canceled,buy,0.20000000
done,2018-08-03T01:25:45.380000Z,BTC-USD,6462399120,7369.40000000,8cb80d9a-2349-4dfd-ad40-adc7e8ae04d1,canceled,sell,0.90000000
done,2018-08-03T01:25:45.385000Z,BTC-USD,6462399123,7367.20000000,0844ed4c-185c-4ebc-a9bc-1842168d74bb,canceled,sell,0.90000000
done,2018-08-03T01:25:45.386000Z,BTC-USD,6462399124,7370.87000000,992624d8-bb8d-44f1-ac4c-7031541394a5,canceled,sell,0.90000000
done,2018-08-03T01:25:45.387000Z,BTC-USD,6462399125,7359.85000000,28eb1fff-393c-47ae-8b9b-d059b59ab9da,canceled,sell,0.90000000
done,2018-08-03T01:25:45.392000Z,BTC-USD,6462399128,7337.89000000,74c873fa-ba10-4e63-a2e5-29ca2def32d5,canceled,buy,0.30000000
done,2018-08-03T01:25:45.402000Z,BTC-USD,6462399135,7358.37000000,9041a361-2c69-44b3-9eea-a3d299991e77,canceled,sell,0.10105000
done,2018-08-03T01:25:45.413000Z,BTC-USD,6462399138,7336.68000000,21107567-8284-4201-9788-c4ef325b7df9,canceled,buy,0.30000000
done,2018-08-03T01:25:45.431000Z,BTC-USD,6462399143,7482.41000000,6cad532f-c4ed-4244-8f79-919226002f7f,canceled,sell,2.50000000
done,2018-08-03T01:25:45.454000Z,BTC-USD,6462399146,7692.97000000,d4ea6126-d0e0-4e9a-b859-f2af4fc4baa6,filled,buy,0.00000000
done,2018-08-03T01:25:45.499000Z,BTC-USD,6462399151,7370.87000000,21c71d25-5d4c-4c34-b3d8-ea7363445360,canceled,sell,0.02500000
done,2018-08-03T01:25:45.523000Z,BTC-USD,6462399154,7355.00000000,13410102-6ec3-4af0-9899-98f6ed73cf2e,canceled,buy,1.00000000
done,2018-08-03T01:25:45.539000Z,BTC-USD,6462399155,7371.91000000,8fa5f5f3-c69c-4aad-b986-a5200f0da07c,canceled,sell,0.90000000
done,2018-08-03T01:25:45.543000Z,BTC-USD,6462399156,7369.71000000,2a53d720-8b37-42c4-b934-e2247148fae1,canceled,sell,0.90000000
done,2018-08-03T01:25:45.553000Z,BTC-USD,6462399159,7362.35000000,2829aefc-1f68-4e3e-b9b3-5de9fbb211f9,canceled,sell,0.90000000
done,2018-08-03T01:25:45.555000Z,BTC-USD,6462399160,7511.34000000,a252d466-87af-4a1a-942e-ad5d4f43f545,canceled,sell,0.00100000
done,2018-08-03T01:25:45.556000Z,BTC-USD,6462399161,7373.38000000,173b3971-3cb8-4ac6-9f8a-4c855a34a096,canceled,sell,0.90000000
done,2018-08-03T01:25:45.561000Z,BTC-USD,6462399164,7512.34000000,da3a3651-6167-4b77-848c-c143d52c5463,canceled,sell,0.00100000
done,2018-08-03T01:25:45.564000Z,BTC-USD,6462399167,7509.34000000,a75661f8-7902-42d9-830c-a0e11d5da408,canceled,sell,0.00100000
done,2018-08-03T01:25:45.568000Z,BTC-USD,6462399168,7510.34000000,ea17274b-f93f-43bc-a899-ce64994ffac8,canceled,sell,0.00100000
done,2018-08-03T01:25:45.579000Z,BTC-USD,6462399171,11864.42000000,b9f59576-4ec5-430f-b389-8d9a08f5135d,canceled,sell,0.00100000
done,2018-08-03T01:25:45.584000Z,BTC-USD,6462399172,7367.20000000,7c382517-b4f3-4f19-9010-1287a09d3b6a,canceled,sell,0.90000000
done,2018-08-03T01:25:45.590000Z,BTC-USD,6462399173,7369.40000000,cc3f507a-1e84-431c-a29a-76c367cf305b,canceled,sell,0.90000000
done,2018-08-03T01:25:45.599000Z,BTC-USD,6462399174,7372.35000000,dd15372d-8a0a-4a76-8932-e7f6e1766ed9,canceled,sell,0.02500000
done,2018-08-03T01:25:45.639000Z,BTC-USD,6462399185,7359.85000000,0d032df5-0b9c-46a3-b257-b6034ec87666,canceled,sell,0.90000000
done,2018-08-03T01:25:45.641000Z,BTC-USD,6462399186,7370.87000000,5599c832-75d6-4895-a5e3-c4a4d5af3961,canceled,sell,0.90000000
done,2018-08-03T01:25:45.700000Z,BTC-USD,6462399191,7371.90000000,91f0adba-5815-4443-a6a6-fab36cbee1a3,canceled,sell,0.02500000
done,2018-08-03T01:25:45.763000Z,BTC-USD,6462399194,7395.37000000,7fbd05f8-8cb6-4869-bb30-7a5024e010a8,canceled,sell,7.47700000
done,2018-08-03T01:25:45.805000Z,BTC-USD,6462399195,7372.34000000,cd98aee5-28e8-40d6-b36e-0fbfcf8f9cd7,canceled,sell,0.02500000
done,2018-08-03T01:25:45.865000Z,BTC-USD,6462399200,7439.03000000,23806309-7f3e-46fd-8c94-40ad2b97ecdc,canceled,sell,0.02128000
done,2018-08-03T01:25:45.995000Z,BTC-USD,6462399205,7358.09000000,dbf7ec1d-bc56-4836-b4e5-89f38eda1005,canceled,sell,1.00000000
done,2018-08-03T01:25:46.070000Z,BTC-USD,6462399206,7282.93000000,62d937d4-abea-4570-97d9-e52d1fb88f69,canceled,buy,0.00100000
done,2018-08-03T01:25:46.070000Z,BTC-USD,6462399207,11572.95000000,0e64880b-0095-42b2-9bd3-872f99e2bdd5,canceled,sell,0.00100000
done,2018-08-03T01:25:46.188000Z,BTC-USD,6462399208,7306.78000000,6ce62e64-1bc9-42c6-b529-1faa2e777f7d,canceled,buy,0.12082392
done,2018-08-03T01:25:46.209000Z,BTC-USD,6462399209,7388.75000000,89a55a78-ebf6-4f3a-a681-9af6082bf0c4,canceled,sell,0.20556825
done,2018-08-03T01:25:46.236000Z,BTC-USD,6462399212,7355.01000000,79f9bb5f-d0ad-4730-90fc-38a79e306d92,canceled,sell,1.00000000
done,2018-08-03T01:25:46.239000Z,BTC-USD,6462399213,7355.70000000,4396240e-3e15-475f-ba4c-c7f1a00f0f7f,canceled,sell,1.00000000
done,2018-08-03T01:25:46.299000Z,BTC-USD,6462399218,7375.00000000,67d99de3-f181-4a2d-b213-6280dd717432,canceled,sell,1.00000000
done,2018-08-03T01:25:46.464000Z,BTC-USD,6462399219,7355.71000000,cc861864-6da0-4bc7-b141-414d79d41ed7,canceled,sell,0.00600000
done,2018-08-03T01:25:46.523000Z,BTC-USD,6462399220,7342.39000000,112cda78-4d1a-4e76-917d-9be0a5c55686,canceled,buy,8.00000000
