type,time,product_id,sequence,order_id,funds,size,price,side,order_type
received,2018-08-03T01:25:43.958000Z,LTC-USD,2498097066,dd5cbe25-f5d0-4622-8ca4-00c4e36ec4d1,,0.10013000,75.52000000,buy,limit
received,2018-08-03T01:25:43.965000Z,LTC-USD,2498097068,bcd41889-4415-4be0-956c-34e8bce18e95,,20.00000000,75.62000000,sell,limit
received,2018-08-03T01:25:44.115000Z,LTC-USD,2498097071,d282586b-1c8c-4dce-82f9-57311af9b78e,,99.35600000,75.44000000,buy,limit
received,2018-08-03T01:25:44.289000Z,LTC-USD,2498097074,e342ee96-1e07-4d4f-88f6-8d0aec6e0211,,20.00000000,75.46000000,buy,limit
received,2018-08-03T01:25:44.351000Z,LTC-USD,2498097076,0a5fbe30-de09-491d-91a8-cd00320ba77c,,50.00000000,75.52000000,buy,limit
received,2018-08-03T01:25:44.371000Z,LTC-USD,2498097079,7f524f1e-af31-4f46-b5cd-e2f9d1acfdbb,,30.00000000,75.38000000,buy,limit
received,2018-08-03T01:25:44.394000Z,LTC-USD,2498097089,7997ad71-3f53-488b-b952-c3d1160b67ea,,20.00000000,75.31000000,buy,limit
received,2018-08-03T01:25:44.396000Z,LTC-USD,2498097091,f58870b6-d699-4d88-867b-66992174594a,,20.00000000,75.63000000,sell,limit
received,2018-08-03T01:25:44.398000Z,LTC-USD,2498097094,0e230eaf-b995-4196-b5c9-21a1631082b4,,20.00000000,75.49000000,buy,limit
received,2018-08-03T01:25:44.399000Z,LTC-USD,2498097096,b7c0fc41-a79c-4988-b965-cd5409ce2cf6,,20.00000000,75.38000000,buy,limit
received,2018-08-03T01:25:44.402000Z,LTC-USD,2498097100,746711f9-2c73-43bc-a759-86478fe4caec,,20.00000000,75.67000000,sell,limit
received,2018-08-03T01:25:44.402000Z,LTC-USD,2498097102,d0c77bb2-37a5-43cf-bdf5-cd7ce0afe3bd,,20.00000000,75.79000000,sell,limit
received,2018-08-03T01:25:44.404000Z,LTC-USD,2498097105,e2ae209d-d554-4fe5-afb5-3888a1812d19,,30.00000000,75.39000000,buy,limit
received,2018-08-03T01:25:44.407000Z,LTC-USD,2498097107,42ef984d-3450-4cd1-bcab-9e840fa0ec55,,20.00000000,75.44000000,buy,limit
received,2018-08-03T01:25:44.414000Z,LTC-USD,2498097109,50954c97-5959-48d2-ab43-26357e5e262e,,7.74062300,75.40000000,buy,limit
received,2018-08-03T01:25:44.420000Z,LTC-USD,2498097111,eb8abfc3-5a13-491b-9779-2edabad7ba64,,20.00000000,75.73000000,sell,limit
received,2018-08-03T01:25:44.423000Z,LTC-USD,2498097113,e63e11d5-65b3-4bcb-9aa4-c77b2c9d0c8b,,8.49896800,75.73000000,sell,limit
received,2018-08-03T01:25:44.448000Z,LTC-USD,2498097115,8771e6d7-327d-4513-ad7c-e33167f1b220,,360.69674970,75.07000000,buy,limit
received,2018-08-03T01:25:44.925000Z,LTC-USD,2498097118,f8ae8e40-9cb9-4a9f-bf57-9211571d4d5e,,20.00000000,75.52000000,buy,limit
received,2018-08-03T01:25:44.982000Z,LTC-USD,2498097139,851bff0d-bfec-4004-ba36-a3699192a041,,20.00000000,75.80000000,sell,limit
received,2018-08-03T01:25:44.983000Z,LTC-USD,2498097141,5025ea98-6a6c-4216-9176-6b7a84734abd,,20.00000000,75.45000000,buy,limit
received,2018-08-03T01:25:44.986000Z,LTC-USD,2498097143,a5f40fa4-0370-44fc-a8c2-fa460fbacdd1,,20.00000000,75.64000000,sell,limit
received,2018-08-03T01:25:44.990000Z,LTC-USD,2498097145,eb4ad8ff-a723-4e9b-9ca4-47513de9325a,,20.00000000,75.74000000,sell,limit
received,2018-08-03T01:25:44.995000Z,LTC-USD,2498097147,83c33abe-e1ad-4227-9a3f-8f27c0190b61,,20.00000000,75.32000000,buy,limit
received,2018-08-03T01:25:44.997000Z,LTC-USD,2498097149,588ed481-f56f-423d-ad84-1861405950bf,,8.49896800,75.74000000,sell,limit
received,2018-08-03T01:25:45.003000Z,LTC-USD,2498097153,53543e57-82d4-4c2f-a80e-ac6ae368e17c,,99.56200000,74.22000000,buy,limit
received,2018-08-03T01:25:45.005000Z,LTC-USD,2498097155,2006a6c6-9bfe-4676-9a53-111aa2314396,,125.69100000,76.23000000,sell,limit
received,2018-08-03T01:25:45.007000Z,LTC-USD,2498097157,bfcca135-bf6e-41b0-8708-9247724302bd,,97.94900000,76.86000000,sell,limit
received,2018-08-03T01:25:45.008000Z,LTC-USD,2498097159,1ea21535-9ddd-419a-85b6-11400bdc2979,,26.10785000,75.52000000,buy,limit
received,2018-08-03T01:25:45.012000Z,LTC-USD,2498097161,f85df1d3-cc72-4c09-ac2a-024cf5d9d13e,,118.07200000,74.64000000,buy,limit
received,2018-08-03T01:25:45.013000Z,LTC-USD,2498097163,bb11053e-d57a-4978-a237-c124ea672950,,7.74062300,75.41000000,buy,limit
received,2018-08-03T01:25:45.016000Z,LTC-USD,2498097165,d65508f0-27ea-48a2-b3d6-17ba3582d6d5,,81.71400000,75.07000000,buy,limit
received,2018-08-03T01:25:45.019000Z,LTC-USD,2498097167,186782bb-a1ba-42ab-b9c1-64bdc97fba0b,,19.94100000,75.72000000,sell,limit
received,2018-08-03T01:25:45.020000Z,LTC-USD,2498097169,aab5e3f7-caf5-46ad-b350-248ebc733037,,22.56946400,75.45000000,buy,limit
received,2018-08-03T01:25:45.023000Z,LTC-USD,2498097171,5ce71b99-7a3d-4e44-a451-92cf397d43ed,,121.29200000,74.86000000,buy,limit
received,2018-08-03T01:25:45.026000Z,LTC-USD,2498097173,5fd26d38-4a9e-4dd6-8bf6-5779a7df23ef,,24.54900000,75.36000000,buy,limit
received,2018-08-03T01:25:45.029000Z,LTC-USD,2498097175,e317917d-979d-4d41-b37f-57d4e4f9a740,,33.41300000,75.80000000,sell,limit
received,2018-08-03T01:25:45.032000Z,LTC-USD,2498097177,19787ace-5611-4b33-b6e1-ea1ba526e1da,,43.57428000,75.41000000,buy,limit
received,2018-08-03T01:25:45.032000Z,LTC-USD,2498097179,2a293289-af01-430b-85d2-63c37336a8f3,,192.17100000,76.44000000,sell,limit
received,2018-08-03T01:25:45.046000Z,LTC-USD,2498097181,4af6442e-e16d-47e9-a058-24a14034d882,,55.69242500,75.37000000,buy,limit
received,2018-08-03T01:25:45.061000Z,LTC-USD,2498097184,b4130ef8-0710-481c-a191-5ff09f02b75a,,66.85266000,75.33000000,buy,limit
received,2018-08-03T01:25:45.075000Z,LTC-USD,2498097186,df7180cc-f7dc-43fd-8071-5277e9193b17,,66.24488600,75.29000000,buy,limit
received,2018-08-03T01:25:45.086000Z,LTC-USD,2498097188,c1a58129-1c71-4f51-a9d9-a3f40f9dfe09,,56.80122500,75.56000000,sell,limit
received,2018-08-03T01:25:45.096000Z,LTC-USD,2498097190,9935e1f0-85cd-44bc-8161-07f35fc5cac3,,104.01336000,75.60000000,sell,limit
received,2018-08-03T01:25:45.104000Z,LTC-USD,2498097195,04f8a75a-46be-4567-b7cc-b5590338408e,,7.74062300,75.40000000,buy,limit
received,2018-08-03T01:25:45.105000Z,LTC-USD,2498097197,39135366-7969-4cd4-b88b-981a01a98283,,50.00000000,75.53000000,sell,limit
received,2018-08-03T01:25:45.107000Z,LTC-USD,2498097199,da961d06-dce7-4412-8f63-b5e92d00eb83,,20.00000000,75.44000000,buy,limit
received,2018-08-03T01:25:45.108000Z,LTC-USD,2498097201,7ad08ac1-e0db-4160-8aae-2963fbdf1377,,49.46644300,75.64000000,sell,limit
received,2018-08-03T01:25:45.116000Z,LTC-USD,2498097203,49da4629-85fb-4cff-be4e-8f4d7e86aac9,,38.23100000,75.28000000,buy,limit
received,2018-08-03T01:25:45.124000Z,LTC-USD,2498097210,ae7d088c-19f1-42be-be31-9b8dd98b2a97,,114.34700000,76.01000000,sell,limit
received,2018-08-03T01:25:45.142000Z,LTC-USD,2498097219,57e74b6c-8d1d-479d-ac67-f7312f29c402,,8.49896800,75.73000000,sell,limit
received,2018-08-03T01:25:45.150000Z,LTC-USD,2498097222,1cc09055-eb51-4a31-a721-00d2297e0731,,20.00000000,75.63000000,sell,limit
received,2018-08-03T01:25:45.152000Z,LTC-USD,2498097224,83ae43ec-63ca-41ad-928b-98cf6573ed93,,99.36700000,75.46000000,buy,limit
received,2018-08-03T01:25:45.154000Z,LTC-USD,2498097226,e9e25dd8-fca4-4396-8e8a-57d48f1f3cbf,,20.00000000,75.72000000,sell,limit
received,2018-08-03T01:25:45.158000Z,LTC-USD,2498097230,8cd388b9-8114-416a-a1e8-68102533b741,,99.33000000,75.63000000,sell,limit
received,2018-08-03T01:25:45.163000Z,LTC-USD,2498097232,b280fc08-bd26-4437-90ea-5d668de25ce8,,20.00000000,75.30000000,buy,limit
received,2018-08-03T01:25:45.165000Z,LTC-USD,2498097234,ee3dac44-840e-4b06-80ed-d45d332aad98,,20.00000000,75.36000000,buy,limit
received,2018-08-03T01:25:45.168000Z,LTC-USD,2498097236,aec73495-513e-42af-ab21-3cf08ecb2641,,1.01452225,78.61000000,buy,limit
received,2018-08-03T01:25:45.170000Z,LTC-USD,2498097239,ad5d595f-5d8a-4a50-87e1-6bb0b4fcc90e,,20.00000000,75.78000000,sell,limit
received,2018-08-03T01:25:45.180000Z,LTC-USD,2498097241,7dc32172-f2ea-4b7d-adc5-abed34f9de2e,,8.49896800,75.72000000,sell,limit
received,2018-08-03T01:25:45.191000Z,LTC-USD,2498097245,ac7971d0-2877-4063-a995-fab9791a2f90,,0.10016000,75.52000000,buy,limit
received,2018-08-03T01:25:45.193000Z,LTC-USD,2498097247,bd5f29d6-b876-476c-8c9a-dde0691b47a1,,30.00000000,75.38000000,buy,limit
received,2018-08-03T01:25:45.195000Z,LTC-USD,2498097249,4ae98a87-29af-4d41-8ec7-3cd02e5d7552,,0.10047000,75.53000000,sell,limit
received,2018-08-03T01:25:45.200000Z,LTC-USD,2498097252,e0eb4f9e-4bac-4fab-b030-fea4defa997a,,20.00000000,75.65000000,sell,limit
received,2018-08-03T01:25:45.204000Z,LTC-USD,2498097254,a4922a5b-6e2b-4fed-b02c-d2ac6df9caf9,,30.00000000,75.37000000,buy,limit
received,2018-08-03T01:25:45.214000Z,LTC-USD,2498097259,30aada3e-664c-48e3-8aee-748b17b95a2b,,7.74062300,75.39000000,buy,limit
received,2018-08-03T01:25:45.219000Z,LTC-USD,2498097263,22d313be-a7ef-4d5e-b696-0e996fd2517b,,20.00000000,75.43000000,buy,limit
received,2018-08-03T01:25:45.229000Z,LTC-USD,2498097272,197b87eb-e4cb-4394-9d0b-4299d6418be5,,20.00000000,75.62000000,sell,limit
received,2018-08-03T01:25:45.295000Z,LTC-USD,2498097274,222e44e6-0fa7-4d40-a2e2-ebfbe9580f6c,,20.00000000,75.46000000,buy,limit
received,2018-08-03T01:25:45.439000Z,LTC-USD,2498097276,aa0a3059-fbce-4b84-8830-310c4649af08,,0.21845524,75.53000000,sell,limit
received,2018-08-03T01:25:45.445000Z,LTC-USD,2498097278,1bb46916-4752-41c6-8815-189709520e81,,108.20693557,75.12000000,buy,limit
received,2018-08-03T01:25:45.493000Z,LTC-USD,2498097280,8ec65622-250a-4133-94d5-ce0e5a05eba7,,252.49240304,75.03000000,buy,limit
received,2018-08-03T01:25:45.517000Z,LTC-USD,2498097282,919ea2ff-0d1e-4d30-9e2d-0bb295658210,,50.00000000,75.52000000,buy,limit
received,2018-08-03T01:25:45.550000Z,LTC-USD,2498097295,95130e5c-a985-4f98-b102-1a753c344ee5,,20.00000000,75.31000000,buy,limit
received,2018-08-03T01:25:45.553000Z,LTC-USD,2498097297,45d5c4eb-fdf6-43ba-a373-b34ee6d8e6ae,,20.00000000,75.73000000,sell,limit
received,2018-08-03T01:25:45.556000Z,LTC-USD,2498097299,13af592b-e83f-45b7-a4e1-1842a912e2d6,,20.00000000,75.63000000,sell,limit
received,2018-08-03T01:25:45.560000Z,LTC-USD,2498097301,50d0fdaf-6258-4c99-80b4-dc5a02f6827f,,8.49896800,75.73000000,sell,limit
received,2018-08-03T01:25:45.562000Z,LTC-USD,2498097303,e6550744-852e-4e63-b288-8e511efd032d,,20.00000000,75.79000000,sell,limit
received,2018-08-03T01:25:45.565000Z,LTC-USD,2498097305,0c7418dd-eecb-4b6d-ba2e-4504d372db3d,,7.74062300,75.40000000,buy,limit
received,2018-08-03T01:25:45.570000Z,LTC-USD,2498097307,2a5b6139-81ce-4cb1-b731-f9e0b4d51720,,20.00000000,75.67000000,sell,limit
received,2018-08-03T01:25:45.572000Z,LTC-USD,2498097309,e97efe27-9ed8-40d9-8a21-dbfeb46e2d92,,20.00000000,75.38000000,buy,limit
received,2018-08-03T01:25:45.574000Z,LTC-USD,2498097311,cc3f0d22-e4dd-4c55-92ef-699080ebbc1a,,20.00000000,75.44000000,buy,limit
received,2018-08-03T01:25:45.582000Z,LTC-USD,2498097313,fb3c7ebc-7923-4c86-b22e-128f94bd01c9,,30.00000000,75.39000000,buy,limit
received,2018-08-03T01:25:45.634000Z,LTC-USD,2498097316,760a4680-137c-40ec-b67c-3a83abadc8e1,,20.00000000,75.46000000,buy,limit
received,2018-08-03T01:25:45.726000Z,LTC-USD,2498097319,205ddf9b-214e-412b-af45-cd3a724fd2f7,,0.10052000,75.52000000,buy,limit
received,2018-08-03T01:25:45.784000Z,LTC-USD,2498097322,6597ce21-d110-4873-b692-8958ec5f7712,,20.00000000,75.50000000,buy,limit
received,2018-08-03T01:25:45.873000Z,LTC-USD,2498097324,9146aaa8-c9df-4df0-b239-63b53c39432b,,360.70245235,75.03000000,buy,limit
received,2018-08-03T01:25:45.919000Z,LTC-USD,2498097326,857aeed4-df6c-4574-8a82-00abfec1afe9,,90.00000000,75.52000000,buy,limit
received,2018-08-03T01:25:45.934000Z,LTC-USD,2498097329,293d0024-367d-4a07-bff8-754f00a53157,,20.00000000,75.45000000,buy,limit
received,2018-08-03T01:25:45.946000Z,LTC-USD,2498097334,701ad416-29e2-4b2e-ac16-9853b91f1cc8,,20.00000000,75.43000000,buy,limit
received,2018-08-03T01:25:45.959000Z,LTC-USD,2498097341,25df0b89-30f4-4144-a4d0-cba355b95a98,,20.00000000,75.74000000,sell,limit
received,2018-08-03T01:25:45.970000Z,LTC-USD,2498097346,d18450dd-1088-4298-8116-6823ea2d852e,,20.00000000,75.80000000,sell,limit
received,2018-08-03T01:25:45.979000Z,LTC-USD,2498097353,adbfa5cc-40d0-4626-8e94-b7994ca73a70,,20.00000000,75.64000000,sell,limit
received,2018-08-03T01:25:45.983000Z,LTC-USD,2498097355,d41a9536-31b1-4e63-9ce6-ad5f311215c7,,8.49896800,75.74000000,sell,limit
received,2018-08-03T01:25:45.987000Z,LTC-USD,2498097357,25f16323-3d0e-41f3-8b89-7f5ce95b31a9,,20.00000000,75.32000000,buy,limit
received,2018-08-03T01:25:45.991000Z,LTC-USD,2498097359,8a848e99-e618-44f0-9735-6dc2a4954207,,20.00000000,75.39000000,buy,limit
received,2018-08-03T01:25:46.005000Z,LTC-USD,2498097362,18675e7e-9249-441a-ba24-85e450a04b07,,32.00384400,75.52000000,buy,limit
received,2018-08-03T01:25:46.009000Z,LTC-USD,2498097364,2a1a5063-f771-40d7-99e3-c5f8fb578403,,30.00000000,75.40000000,buy,limit
received,2018-08-03T01:25:46.016000Z,LTC-USD,2498097366,43eefb23-50d9-4f0e-9924-a37a5e67fb2c,,5.61648400,75.49000000,buy,limit
received,2018-08-03T01:25:46.019000Z,LTC-USD,2498097369,a4150f11-8194-45a8-b599-93b0892eb711,,30.00000000,75.39000000,buy,limit
received,2018-08-03T01:25:46.026000Z,LTC-USD,2498097373,7be4d2b9-2a00-4d52-b6e0-5b9f0deab6ee,,7.06464200,75.45000000,buy,limit
received,2018-08-03T01:25:46.035000Z,LTC-USD,2498097375,1c8e54b8-529f-4466-a6a4-1b39c82dea63,,7.74062300,75.41000000,buy,limit
received,2018-08-03T01:25:46.042000Z,LTC-USD,2498097377,bdddc223-dddc-4eae-bd29-9edff2cb848e,,30.00000000,75.40000000,buy,limit
received,2018-08-03T01:25:46.043000Z,LTC-USD,2498097379,c8dfdffe-bf6e-4912-bbc2-2c641ed30fe6,,43.11883800,75.41000000,buy,limit
received,2018-08-03T01:25:46.056000Z,LTC-USD,2498097383,51851b6c-cdbd-4cfe-976c-9dd3588cc242,,50.25707800,75.37000000,buy,limit
received,2018-08-03T01:25:46.066000Z,LTC-USD,2498097385,e309efa2-f4ca-4201-9e78-d6dd8f43e31d,,20.00000000,75.44000000,buy,limit
received,2018-08-03T01:25:46.067000Z,LTC-USD,2498097387,d5b6da8a-3211-42d9-9656-441356a8dde5,,87.85860500,75.33000000,buy,limit
received,2018-08-03T01:25:46.081000Z,LTC-USD,2498097390,b5bc92db-9023-42fa-b42b-2fff743a2c11,,55.11743200,75.29000000,buy,limit
received,2018-08-03T01:25:46.082000Z,LTC-USD,2498097392,044f8102-8ea7-49c7-bc8e-11e47f1004f3,,0.10000000,75.26000000,buy,limit
received,2018-08-03T01:25:46.094000Z,LTC-USD,2498097394,05a0ae80-3369-4a6f-99a3-d693621e3f84,,37.06311100,75.56000000,sell,limit
received,2018-08-03T01:25:46.097000Z,LTC-USD,2498097396,6974ba0b-ce77-47ca-889f-3c274b0bcdbe,,20.00000000,75.43000000,buy,limit
received,2018-08-03T01:25:46.106000Z,LTC-USD,2498097399,8912125b-19ba-4436-8a24-d75ccfe0588d,,125.82497000,75.60000000,sell,limit
received,2018-08-03T01:25:46.112000Z,LTC-USD,2498097402,1908df84-62d3-46fc-a791-8d0493789bcb,,20.00000000,75.38000000,buy,limit
received,2018-08-03T01:25:46.116000Z,LTC-USD,2498097405,0f511ccc-a315-4c85-93ff-f67f08767771,,20.00000000,75.44000000,buy,limit
received,2018-08-03T01:25:46.119000Z,LTC-USD,2498097407,4fe40704-cd97-4f69-a025-969c3ebe7741,,47.39294800,75.64000000,sell,limit
received,2018-08-03T01:25:46.124000Z,LTC-USD,2498097410,0cddaf55-769c-423e-b532-0922ac023adc,,20.00000000,75.63000000,sell,limit
received,2018-08-03T01:25:46.130000Z,LTC-USD,2498097413,627850d4-b27f-4caa-85ce-40788e9b31c5,,20.00000000,75.43000000,buy,limit
received,2018-08-03T01:25:46.137000Z,LTC-USD,2498097416,62a5ff67-c99c-4511-9a8b-65366a63ea11,,30.00000000,75.39000000,buy,limit
received,2018-08-03T01:25:46.146000Z,LTC-USD,2498097422,5d680bfa-691c-4d4b-b024-4b08521d8010,,7.74062300,75.40000000,buy,limit
received,2018-08-03T01:25:46.168000Z,LTC-USD,2498097427,ed6fc029-393e-4cae-85d5-a1876e40da59,,20.00000000,75.44000000,buy,limit
received,2018-08-03T01:25:46.195000Z,LTC-USD,2498097430,ba874e7c-8aa8-48ca-9605-6175382a6e18,,35.00000000,75.52000000,buy,limit
received,2018-08-03T01:25:46.200000Z,LTC-USD,2498097432,a2e2876c-f652-4cbb-9880-6055b1e0b736,,20.00000000,75.43000000,buy,limit
received,2018-08-03T01:25:46.366000Z,LTC-USD,2498097436,72b275ee-7d19-4456-9ed6-a02f15d4188f,,20.00000000,75.46000000,buy,limit
received,2018-08-03T01:25:46.528000Z,LTC-USD,2498097441,fbcd861a-58db-41ed-a6ad-6818959ecd1a,,0.10093000,75.52000000,buy,limit
received,2018-08-03T01:25:46.528000Z,LTC-USD,2498097443,bfd95cb6-137c-4367-81b7-43a4999bff4b,,360.69151346,75.06000000,buy,limit
received,2018-08-03T01:25:46.528000Z,LTC-USD,2498097445,32780482-d9d8-499c-af44-2e8a07c76522,,20.00000000,75.46000000,buy,limit
received,2018-08-03T01:25:46.549000Z,LTC-USD,2498097448,0d6a1309-c542-4026-9392-d9c421370087,,20.00000000,75.50000000,buy,limit
received,2018-08-03T01:25:46.767000Z,LTC-USD,2498097451,90cc43f1-714d-4538-a5b5-c5029c1ad914,,0.10000000,75.50000000,buy,limit
