type,time,product_id,sequence,order_id,funds,size,price,side,order_type
open,2018-08-03T01:25:43.958000Z,LTC-USD,2498097067,dd5cbe25-f5d0-4622-8ca4-00c4e36ec4d1,75.52000000,0.10013000,buy
open,2018-08-03T01:25:43.965000Z,LTC-USD,2498097069,bcd41889-4415-4be0-956c-34e8bce18e95,75.62000000,20.00000000,sell
open,2018-08-03T01:25:44.115000Z,LTC-USD,2498097072,d282586b-1c8c-4dce-82f9-57311af9b78e,75.44000000,99.35600000,buy
open,2018-08-03T01:25:44.290000Z,LTC-USD,2498097075,e342ee96-1e07-4d4f-88f6-8d0aec6e0211,75.46000000,20.00000000,buy
open,2018-08-03T01:25:44.351000Z,LTC-USD,2498097077,0a5fbe30-de09-491d-91a8-cd00320ba77c,75.52000000,50.00000000,buy
open,2018-08-03T01:25:44.371000Z,LTC-USD,2498097080,7f524f1e-af31-4f46-b5cd-e2f9d1acfdbb,75.38000000,30.00000000,buy
open,2018-08-03T01:25:44.394000Z,LTC-USD,2498097090,7997ad71-3f53-488b-b952-c3d1160b67ea,75.31000000,20.00000000,buy
open,2018-08-03T01:25:44.396000Z,LTC-USD,2498097092,f58870b6-d699-4d88-867b-66992174594a,75.63000000,20.00000000,sell
open,2018-08-03T01:25:44.398000Z,LTC-USD,2498097095,0e230eaf-b995-4196-b5c9-21a1631082b4,75.49000000,20.00000000,buy
open,2018-08-03T01:25:44.399000Z,LTC-USD,2498097097,b7c0fc41-a79c-4988-b965-cd5409ce2cf6,75.38000000,20.00000000,buy
open,2018-08-03T01:25:44.402000Z,LTC-USD,2498097101,746711f9-2c73-43bc-a759-86478fe4caec,75.67000000,20.00000000,sell
open,2018-08-03T01:25:44.402000Z,LTC-USD,2498097103,d0c77bb2-37a5-43cf-bdf5-cd7ce0afe3bd,75.79000000,20.00000000,sell
open,2018-08-03T01:25:44.404000Z,LTC-USD,2498097106,e2ae209d-d554-4fe5-afb5-3888a1812d19,75.39000000,30.00000000,buy
open,2018-08-03T01:25:44.407000Z,LTC-USD,2498097108,42ef984d-3450-4cd1-bcab-9e840fa0ec55,75.44000000,20.00000000,buy
open,2018-08-03T01:25:44.414000Z,LTC-USD,2498097110,50954c97-5959-48d2-ab43-26357e5e262e,75.40000000,7.74062300,buy
open,2018-08-03T01:25:44.420000Z,LTC-USD,2498097112,eb8abfc3-5a13-491b-9779-2edabad7ba64,75.73000000,20.00000000,sell
open,2018-08-03T01:25:44.423000Z,LTC-USD,2498097114,e63e11d5-65b3-4bcb-9aa4-c77b2c9d0c8b,75.73000000,8.49896800,sell
open,2018-08-03T01:25:44.448000Z,LTC-USD,2498097116,8771e6d7-327d-4513-ad7c-e33167f1b220,75.07000000,360.69674970,buy
open,2018-08-03T01:25:44.925000Z,LTC-USD,2498097119,f8ae8e40-9cb9-4a9f-bf57-9211571d4d5e,75.52000000,20.00000000,buy
open,2018-08-03T01:25:44.982000Z,LTC-USD,2498097140,851bff0d-bfec-4004-ba36-a3699192a041,75.80000000,20.00000000,sell
open,2018-08-03T01:25:44.983000Z,LTC-USD,2498097142,5025ea98-6a6c-4216-9176-6b7a84734abd,75.45000000,20.00000000,buy
open,2018-08-03T01:25:44.986000Z,LTC-USD,2498097144,a5f40fa4-0370-44fc-a8c2-fa460fbacdd1,75.64000000,20.00000000,sell
open,2018-08-03T01:25:44.990000Z,LTC-USD,2498097146,eb4ad8ff-a723-4e9b-9ca4-47513de9325a,75.74000000,20.00000000,sell
open,2018-08-03T01:25:44.995000Z,LTC-USD,2498097148,83c33abe-e1ad-4227-9a3f-8f27c0190b61,75.32000000,20.00000000,buy
open,2018-08-03T01:25:44.997000Z,LTC-USD,2498097150,588ed481-f56f-423d-ad84-1861405950bf,75.74000000,8.49896800,sell
open,2018-08-03T01:25:45.003000Z,LTC-USD,2498097154,53543e57-82d4-4c2f-a80e-ac6ae368e17c,74.22000000,99.56200000,buy
open,2018-08-03T01:25:45.005000Z,LTC-USD,2498097156,2006a6c6-9bfe-4676-9a53-111aa2314396,76.23000000,125.69100000,sell
open,2018-08-03T01:25:45.007000Z,LTC-USD,2498097158,bfcca135-bf6e-41b0-8708-9247724302bd,76.86000000,97.94900000,sell
open,2018-08-03T01:25:45.008000Z,LTC-USD,2498097160,1ea21535-9ddd-419a-85b6-11400bdc2979,75.52000000,26.10785000,buy
open,2018-08-03T01:25:45.012000Z,LTC-USD,2498097162,f85df1d3-cc72-4c09-ac2a-024cf5d9d13e,74.64000000,118.07200000,buy
open,2018-08-03T01:25:45.013000Z,LTC-USD,2498097164,bb11053e-d57a-4978-a237-c124ea672950,75.41000000,7.74062300,buy
open,2018-08-03T01:25:45.016000Z,LTC-USD,2498097166,d65508f0-27ea-48a2-b3d6-17ba3582d6d5,75.07000000,81.71400000,buy
open,2018-08-03T01:25:45.019000Z,LTC-USD,2498097168,186782bb-a1ba-42ab-b9c1-64bdc97fba0b,75.72000000,19.94100000,sell
open,2018-08-03T01:25:45.020000Z,LTC-USD,2498097170,aab5e3f7-caf5-46ad-b350-248ebc733037,75.45000000,22.56946400,buy
open,2018-08-03T01:25:45.023000Z,LTC-USD,2498097172,5ce71b99-7a3d-4e44-a451-92cf397d43ed,74.86000000,121.29200000,buy
open,2018-08-03T01:25:45.026000Z,LTC-USD,2498097174,5fd26d38-4a9e-4dd6-8bf6-5779a7df23ef,75.36000000,24.54900000,buy
open,2018-08-03T01:25:45.029000Z,LTC-USD,2498097176,e317917d-979d-4d41-b37f-57d4e4f9a740,75.80000000,33.41300000,sell
open,2018-08-03T01:25:45.032000Z,LTC-USD,2498097178,19787ace-5611-4b33-b6e1-ea1ba526e1da,75.41000000,43.57428000,buy
open,2018-08-03T01:25:45.032000Z,LTC-USD,2498097180,2a293289-af01-430b-85d2-63c37336a8f3,76.44000000,192.17100000,sell
open,2018-08-03T01:25:45.046000Z,LTC-USD,2498097182,4af6442e-e16d-47e9-a058-24a14034d882,75.37000000,55.69242500,buy
open,2018-08-03T01:25:45.061000Z,LTC-USD,2498097185,b4130ef8-0710-481c-a191-5ff09f02b75a,75.33000000,66.85266000,buy
open,2018-08-03T01:25:45.075000Z,LTC-USD,2498097187,df7180cc-f7dc-43fd-8071-5277e9193b17,75.29000000,66.24488600,buy
open,2018-08-03T01:25:45.086000Z,LTC-USD,2498097189,c1a58129-1c71-4f51-a9d9-a3f40f9dfe09,75.56000000,56.80122500,sell
open,2018-08-03T01:25:45.096000Z,LTC-USD,2498097191,9935e1f0-85cd-44bc-8161-07f35fc5cac3,75.60000000,104.01336000,sell
open,2018-08-03T01:25:45.104000Z,LTC-USD,2498097196,04f8a75a-46be-4567-b7cc-b5590338408e,75.40000000,7.74062300,buy
open,2018-08-03T01:25:45.105000Z,LTC-USD,2498097198,39135366-7969-4cd4-b88b-981a01a98283,75.53000000,50.00000000,sell
open,2018-08-03T01:25:45.107000Z,LTC-USD,2498097200,da961d06-dce7-4412-8f63-b5e92d00eb83,75.44000000,20.00000000,buy
open,2018-08-03T01:25:45.108000Z,LTC-USD,2498097202,7ad08ac1-e0db-4160-8aae-2963fbdf1377,75.64000000,49.46644300,sell
open,2018-08-03T01:25:45.116000Z,LTC-USD,2498097204,49da4629-85fb-4cff-be4e-8f4d7e86aac9,75.28000000,38.23100000,buy
open,2018-08-03T01:25:45.124000Z,LTC-USD,2498097211,ae7d088c-19f1-42be-be31-9b8dd98b2a97,76.01000000,114.34700000,sell
open,2018-08-03T01:25:45.142000Z,LTC-USD,2498097220,57e74b6c-8d1d-479d-ac67-f7312f29c402,75.73000000,8.49896800,sell
open,2018-08-03T01:25:45.150000Z,LTC-USD,2498097223,1cc09055-eb51-4a31-a721-00d2297e0731,75.63000000,20.00000000,sell
open,2018-08-03T01:25:45.152000Z,LTC-USD,2498097225,83ae43ec-63ca-41ad-928b-98cf6573ed93,75.46000000,99.36700000,buy
open,2018-08-03T01:25:45.154000Z,LTC-USD,2498097227,e9e25dd8-fca4-4396-8e8a-57d48f1f3cbf,75.72000000,20.00000000,sell
open,2018-08-03T01:25:45.158000Z,LTC-USD,2498097231,8cd388b9-8114-416a-a1e8-68102533b741,75.63000000,99.33000000,sell
open,2018-08-03T01:25:45.163000Z,LTC-USD,2498097233,b280fc08-bd26-4437-90ea-5d668de25ce8,75.30000000,20.00000000,buy
open,2018-08-03T01:25:45.165000Z,LTC-USD,2498097235,ee3dac44-840e-4b06-80ed-d45d332aad98,75.36000000,20.00000000,buy
open,2018-08-03T01:25:45.170000Z,LTC-USD,2498097240,ad5d595f-5d8a-4a50-87e1-6bb0b4fcc90e,75.78000000,20.00000000,sell
open,2018-08-03T01:25:45.180000Z,LTC-USD,2498097242,7dc32172-f2ea-4b7d-adc5-abed34f9de2e,75.72000000,8.49896800,sell
open,2018-08-03T01:25:45.191000Z,LTC-USD,2498097246,ac7971d0-2877-4063-a995-fab9791a2f90,75.52000000,0.10016000,buy
open,2018-08-03T01:25:45.193000Z,LTC-USD,2498097248,bd5f29d6-b876-476c-8c9a-dde0691b47a1,75.38000000,30.00000000,buy
open,2018-08-03T01:25:45.195000Z,LTC-USD,2498097250,4ae98a87-29af-4d41-8ec7-3cd02e5d7552,75.53000000,0.10047000,sell
open,2018-08-03T01:25:45.200000Z,LTC-USD,2498097253,e0eb4f9e-4bac-4fab-b030-fea4defa997a,75.65000000,20.00000000,sell
open,2018-08-03T01:25:45.204000Z,LTC-USD,2498097255,a4922a5b-6e2b-4fed-b02c-d2ac6df9caf9,75.37000000,30.00000000,buy
open,2018-08-03T01:25:45.214000Z,LTC-USD,2498097260,30aada3e-664c-48e3-8aee-748b17b95a2b,75.39000000,7.74062300,buy
open,2018-08-03T01:25:45.219000Z,LTC-USD,2498097264,22d313be-a7ef-4d5e-b696-0e996fd2517b,75.43000000,20.00000000,buy
open,2018-08-03T01:25:45.229000Z,LTC-USD,2498097273,197b87eb-e4cb-4394-9d0b-4299d6418be5,75.62000000,20.00000000,sell
open,2018-08-03T01:25:45.295000Z,LTC-USD,2498097275,222e44e6-0fa7-4d40-a2e2-ebfbe9580f6c,75.46000000,20.00000000,buy
open,2018-08-03T01:25:45.439000Z,LTC-USD,2498097277,aa0a3059-fbce-4b84-8830-310c4649af08,75.53000000,0.21845524,sell
open,2018-08-03T01:25:45.445000Z,LTC-USD,2498097279,1bb46916-4752-41c6-8815-189709520e81,75.12000000,108.20693557,buy
open,2018-08-03T01:25:45.493000Z,LTC-USD,2498097281,8ec65622-250a-4133-94d5-ce0e5a05eba7,75.03000000,252.49240304,buy
open,2018-08-03T01:25:45.517000Z,LTC-USD,2498097283,919ea2ff-0d1e-4d30-9e2d-0bb295658210,75.52000000,50.00000000,buy
open,2018-08-03T01:25:45.550000Z,LTC-USD,2498097296,95130e5c-a985-4f98-b102-1a753c344ee5,75.31000000,20.00000000,buy
open,2018-08-03T01:25:45.553000Z,LTC-USD,2498097298,45d5c4eb-fdf6-43ba-a373-b34ee6d8e6ae,75.73000000,20.00000000,sell
open,2018-08-03T01:25:45.556000Z,LTC-USD,2498097300,13af592b-e83f-45b7-a4e1-1842a912e2d6,75.63000000,20.00000000,sell
open,2018-08-03T01:25:45.560000Z,LTC-USD,2498097302,50d0fdaf-6258-4c99-80b4-dc5a02f6827f,75.73000000,8.49896800,sell
open,2018-08-03T01:25:45.562000Z,LTC-USD,2498097304,e6550744-852e-4e63-b288-8e511efd032d,75.79000000,20.00000000,sell
open,2018-08-03T01:25:45.565000Z,LTC-USD,2498097306,0c7418dd-eecb-4b6d-ba2e-4504d372db3d,75.40000000,7.74062300,buy
open,2018-08-03T01:25:45.570000Z,LTC-USD,2498097308,2a5b6139-81ce-4cb1-b731-f9e0b4d51720,75.67000000,20.00000000,sell
open,2018-08-03T01:25:45.572000Z,LTC-USD,2498097310,e97efe27-9ed8-40d9-8a21-dbfeb46e2d92,75.38000000,20.00000000,buy
open,2018-08-03T01:25:45.574000Z,LTC-USD,2498097312,cc3f0d22-e4dd-4c55-92ef-699080ebbc1a,75.44000000,20.00000000,buy
open,2018-08-03T01:25:45.582000Z,LTC-USD,2498097314,fb3c7ebc-7923-4c86-b22e-128f94bd01c9,75.39000000,30.00000000,buy
open,2018-08-03T01:25:45.634000Z,LTC-USD,2498097317,760a4680-137c-40ec-b67c-3a83abadc8e1,75.46000000,20.00000000,buy
open,2018-08-03T01:25:45.726000Z,LTC-USD,2498097320,205ddf9b-214e-412b-af45-cd3a724fd2f7,75.52000000,0.10052000,buy
open,2018-08-03T01:25:45.784000Z,LTC-USD,2498097323,6597ce21-d110-4873-b692-8958ec5f7712,75.50000000,20.00000000,buy
open,2018-08-03T01:25:45.873000Z,LTC-USD,2498097325,9146aaa8-c9df-4df0-b239-63b53c39432b,75.03000000,360.70245235,buy
open,2018-08-03T01:25:45.919000Z,LTC-USD,2498097327,857aeed4-df6c-4574-8a82-00abfec1afe9,75.52000000,90.00000000,buy
open,2018-08-03T01:25:45.934000Z,LTC-USD,2498097330,293d0024-367d-4a07-bff8-754f00a53157,75.45000000,20.00000000,buy
open,2018-08-03T01:25:45.946000Z,LTC-USD,2498097335,701ad416-29e2-4b2e-ac16-9853b91f1cc8,75.43000000,20.00000000,buy
open,2018-08-03T01:25:45.959000Z,LTC-USD,2498097342,25df0b89-30f4-4144-a4d0-cba355b95a98,75.74000000,20.00000000,sell
open,2018-08-03T01:25:45.970000Z,LTC-USD,2498097347,d18450dd-1088-4298-8116-6823ea2d852e,75.80000000,20.00000000,sell
open,2018-08-03T01:25:45.979000Z,LTC-USD,2498097354,adbfa5cc-40d0-4626-8e94-b7994ca73a70,75.64000000,20.00000000,sell
open,2018-08-03T01:25:45.983000Z,LTC-USD,2498097356,d41a9536-31b1-4e63-9ce6-ad5f311215c7,75.74000000,8.49896800,sell
open,2018-08-03T01:25:45.987000Z,LTC-USD,2498097358,25f16323-3d0e-41f3-8b89-7f5ce95b31a9,75.32000000,20.00000000,buy
open,2018-08-03T01:25:45.991000Z,LTC-USD,2498097360,8a848e99-e618-44f0-9735-6dc2a4954207,75.39000000,20.00000000,buy
open,2018-08-03T01:25:46.005000Z,LTC-USD,2498097363,18675e7e-9249-441a-ba24-85e450a04b07,75.52000000,32.00384400,buy
open,2018-08-03T01:25:46.009000Z,LTC-USD,2498097365,2a1a5063-f771-40d7-99e3-c5f8fb578403,75.40000000,30.00000000,buy
open,2018-08-03T01:25:46.016000Z,LTC-USD,2498097367,43eefb23-50d9-4f0e-9924-a37a5e67fb2c,75.49000000,5.61648400,buy
open,2018-08-03T01:25:46.019000Z,LTC-USD,2498097370,a4150f11-8194-45a8-b599-93b0892eb711,75.39000000,30.00000000,buy
open,2018-08-03T01:25:46.026000Z,LTC-USD,2498097374,7be4d2b9-2a00-4d52-b6e0-5b9f0deab6ee,75.45000000,7.06464200,buy
open,2018-08-03T01:25:46.035000Z,LTC-USD,2498097376,1c8e54b8-529f-4466-a6a4-1b39c82dea63,75.41000000,7.74062300,buy
open,2018-08-03T01:25:46.042000Z,LTC-USD,2498097378,bdddc223-dddc-4eae-bd29-9edff2cb848e,75.40000000,30.00000000,buy
open,2018-08-03T01:25:46.043000Z,LTC-USD,2498097380,c8dfdffe-bf6e-4912-bbc2-2c641ed30fe6,75.41000000,43.11883800,buy
open,2018-08-03T01:25:46.056000Z,LTC-USD,2498097384,51851b6c-cdbd-4cfe-976c-9dd3588cc242,75.37000000,50.25707800,buy
open,2018-08-03T01:25:46.066000Z,LTC-USD,2498097386,e309efa2-f4ca-4201-9e78-d6dd8f43e31d,75.44000000,20.00000000,buy
open,2018-08-03T01:25:46.067000Z,LTC-USD,2498097388,d5b6da8a-3211-42d9-9656-441356a8dde5,75.33000000,87.85860500,buy
open,2018-08-03T01:25:46.081000Z,LTC-USD,2498097391,b5bc92db-9023-42fa-b42b-2fff743a2c11,75.29000000,55.11743200,buy
open,2018-08-03T01:25:46.082000Z,LTC-USD,2498097393,044f8102-8ea7-49c7-bc8e-11e47f1004f3,75.26000000,0.10000000,buy
open,2018-08-03T01:25:46.094000Z,LTC-USD,2498097395,05a0ae80-3369-4a6f-99a3-d693621e3f84,75.56000000,37.06311100,sell
open,2018-08-03T01:25:46.097000Z,LTC-USD,2498097397,6974ba0b-ce77-47ca-889f-3c274b0bcdbe,75.43000000,20.00000000,buy
open,2018-08-03T01:25:46.106000Z,LTC-USD,2498097400,8912125b-19ba-4436-8a24-d75ccfe0588d,75.60000000,125.82497000,sell
open,2018-08-03T01:25:46.112000Z,LTC-USD,2498097403,1908df84-62d3-46fc-a791-8d0493789bcb,75.38000000,20.00000000,buy
open,2018-08-03T01:25:46.116000Z,LTC-USD,2498097406,0f511ccc-a315-4c85-93ff-f67f08767771,75.44000000,20.00000000,buy
open,2018-08-03T01:25:46.119000Z,LTC-USD,2498097408,4fe40704-cd97-4f69-a025-969c3ebe7741,75.64000000,47.39294800,sell
open,2018-08-03T01:25:46.124000Z,LTC-USD,2498097411,0cddaf55-769c-423e-b532-0922ac023adc,75.63000000,20.00000000,sell
open,2018-08-03T01:25:46.130000Z,LTC-USD,2498097414,627850d4-b27f-4caa-85ce-40788e9b31c5,75.43000000,20.00000000,buy
open,2018-08-03T01:25:46.137000Z,LTC-USD,2498097417,62a5ff67-c99c-4511-9a8b-65366a63ea11,75.39000000,30.00000000,buy
open,2018-08-03T01:25:46.146000Z,LTC-USD,2498097423,5d680bfa-691c-4d4b-b024-4b08521d8010,75.40000000,7.74062300,buy
open,2018-08-03T01:25:46.168000Z,LTC-USD,2498097428,ed6fc029-393e-4cae-85d5-a1876e40da59,75.44000000,20.00000000,buy
open,2018-08-03T01:25:46.195000Z,LTC-USD,2498097431,ba874e7c-8aa8-48ca-9605-6175382a6e18,75.52000000,35.00000000,buy
open,2018-08-03T01:25:46.200000Z,LTC-USD,2498097433,a2e2876c-f652-4cbb-9880-6055b1e0b736,75.43000000,20.00000000,buy
open,2018-08-03T01:25:46.366000Z,LTC-USD,2498097437,72b275ee-7d19-4456-9ed6-a02f15d4188f,75.46000000,20.00000000,buy
open,2018-08-03T01:25:46.528000Z,LTC-USD,2498097442,fbcd861a-58db-41ed-a6ad-6818959ecd1a,75.52000000,0.10093000,buy
open,2018-08-03T01:25:46.528000Z,LTC-USD,2498097444,bfd95cb6-137c-4367-81b7-43a4999bff4b,75.06000000,360.69151346,buy
open,2018-08-03T01:25:46.528000Z,LTC-USD,2498097446,32780482-d9d8-499c-af44-2e8a07c76522,75.46000000,20.00000000,buy
open,2018-08-03T01:25:46.549000Z,LTC-USD,2498097449,0d6a1309-c542-4026-9392-d9c421370087,75.50000000,20.00000000,buy
open,2018-08-03T01:25:46.767000Z,LTC-USD,2498097452,90cc43f1-714d-4538-a5b5-c5029c1ad914,75.50000000,0.10000000,buy
