type,time,product_id,sequence,order_id,funds,size,price,side,order_type
done,2018-08-03T01:25:44.107000Z,LTC-USD,2498097070,75.48000000,9a08a89b-7b76-43d9-a5ad-aef2c1c168d9,canceled,buy,99.36100000
done,2018-08-03T01:25:44.265000Z,LTC-USD,2498097073,75.46000000,db88be5d-c1e5-45dd-a05f-16256f58968a,canceled,buy,20.00000000
done,2018-08-03T01:25:44.364000Z,LTC-USD,2498097078,75.37000000,f38916b0-4852-4fc9-a0be-454a4d19c54f,canceled,buy,30.00000000
done,2018-08-03T01:25:44.374000Z,LTC-USD,2498097081,75.53000000,5efbda4d-55d3-488b-a672-ac4a583f739b,canceled,sell,50.00000000
done,2018-08-03T01:25:44.382000Z,LTC-USD,2498097082,75.46000000,e342ee96-1e07-4d4f-88f6-8d0aec6e0211,canceled,buy,20.00000000
done,2018-08-03T01:25:44.383000Z,LTC-USD,2498097083,75.30000000,8ab61125-7122-4f0e-8463-52458324caf5,canceled,buy,20.00000000
done,2018-08-03T01:25:44.386000Z,LTC-USD,2498097084,75.72000000,7b8c71f4-3a06-4190-a8e9-7ba728673439,canceled,sell,20.00000000
done,2018-08-03T01:25:44.387000Z,LTC-USD,2498097085,75.78000000,0b4cf38d-6ad5-4a85-97f6-a5289a9e18a2,canceled,sell,20.00000000
done,2018-08-03T01:25:44.387000Z,LTC-USD,2498097086,75.36000000,114a164d-b93c-48f9-92df-f5016831b115,canceled,buy,20.00000000
done,2018-08-03T01:25:44.390000Z,LTC-USD,2498097087,75.65000000,7a13c869-5118-42dc-bb92-dca5a2d750c6,canceled,sell,20.00000000
done,2018-08-03T01:25:44.391000Z,LTC-USD,2498097088,75.72000000,fd34ea2a-2e69-43d4-8ca4-28f2de5e5046,canceled,sell,8.49896800
done,2018-08-03T01:25:44.397000Z,LTC-USD,2498097093,75.38000000,7f524f1e-af31-4f46-b5cd-e2f9d1acfdbb,canceled,buy,30.00000000
done,2018-08-03T01:25:44.400000Z,LTC-USD,2498097098,75.39000000,299e0c23-0a79-4e57-b5f9-2bf2d2c46ef7,canceled,buy,7.74062300
done,2018-08-03T01:25:44.402000Z,LTC-USD,2498097099,75.43000000,36132091-9477-4f10-866f-0f8c4b2efd5f,canceled,buy,20.00000000
done,2018-08-03T01:25:44.403000Z,LTC-USD,2498097104,75.62000000,bcd41889-4415-4be0-956c-34e8bce18e95,canceled,sell,20.00000000
done,2018-08-03T01:25:44.482000Z,LTC-USD,2498097117,75.04000000,d6de3248-febe-4a60-8458-d8b4b371923b,canceled,buy,360.69436301
done,2018-08-03T01:25:44.930000Z,LTC-USD,2498097120,75.52000000,f66a79ea-9b49-4fc1-acf1-8befac91f7f1,canceled,buy,0.10082000
done,2018-08-03T01:25:44.935000Z,LTC-USD,2498097121,75.52000000,d9e7d896-181c-48b3-97a5-955deb045ea9,canceled,buy,20.48273500
done,2018-08-03T01:25:44.939000Z,LTC-USD,2498097122,75.49000000,13649a8c-f861-44aa-81e8-374c028e8513,canceled,buy,7.08390900
done,2018-08-03T01:25:44.943000Z,LTC-USD,2498097123,75.45000000,58a17da4-08e6-4041-aa1d-53fc853cbfae,canceled,buy,10.54617100
done,2018-08-03T01:25:44.948000Z,LTC-USD,2498097124,75.41000000,e16c4b69-e892-4ade-bd6c-0d802612cfaf,canceled,buy,48.94269400
done,2018-08-03T01:25:44.952000Z,LTC-USD,2498097125,75.37000000,e85888e7-e7c5-4466-8204-1d44d7326962,canceled,buy,68.98392300
done,2018-08-03T01:25:44.956000Z,LTC-USD,2498097126,75.33000000,5604f578-90e5-4b75-90c6-3fd1d269bb2d,canceled,buy,99.43017600
done,2018-08-03T01:25:44.959000Z,LTC-USD,2498097127,75.29000000,5a236652-7668-4738-92e4-d104dff92492,canceled,buy,25.55588500
done,2018-08-03T01:25:44.963000Z,LTC-USD,2498097128,75.53000000,5f145a3b-f5e1-4d18-a408-d9003ba20164,canceled,sell,3.96410900
done,2018-08-03T01:25:44.967000Z,LTC-USD,2498097129,75.56000000,1c79284b-a3ce-4cba-9869-79f719e3bf41,canceled,sell,60.84923700
done,2018-08-03T01:25:44.968000Z,LTC-USD,2498097130,75.52000000,f8ae8e40-9cb9-4a9f-bf57-9211571d4d5e,canceled,buy,20.00000000
done,2018-08-03T01:25:44.971000Z,LTC-USD,2498097131,75.60000000,16b1fbaf-5bbf-424d-85e3-00b9cccadeaf,canceled,sell,75.58874300
done,2018-08-03T01:25:44.974000Z,LTC-USD,2498097132,75.79000000,d0c77bb2-37a5-43cf-bdf5-cd7ce0afe3bd,canceled,sell,20.00000000
done,2018-08-03T01:25:44.974000Z,LTC-USD,2498097133,75.64000000,4aa73adc-7942-4a80-8803-bad6e3803178,canceled,sell,69.87893900
done,2018-08-03T01:25:44.976000Z,LTC-USD,2498097134,75.44000000,42ef984d-3450-4cd1-bcab-9e840fa0ec55,canceled,buy,20.00000000
done,2018-08-03T01:25:44.977000Z,LTC-USD,2498097135,75.31000000,7997ad71-3f53-488b-b952-c3d1160b67ea,canceled,buy,20.00000000
done,2018-08-03T01:25:44.977000Z,LTC-USD,2498097136,75.73000000,e63e11d5-65b3-4bcb-9aa4-c77b2c9d0c8b,canceled,sell,8.49896800
done,2018-08-03T01:25:44.978000Z,LTC-USD,2498097137,75.63000000,f58870b6-d699-4d88-867b-66992174594a,canceled,sell,20.00000000
done,2018-08-03T01:25:44.981000Z,LTC-USD,2498097138,75.73000000,eb8abfc3-5a13-491b-9779-2edabad7ba64,canceled,sell,20.00000000
done,2018-08-03T01:25:45.001000Z,LTC-USD,2498097151,75.41000000,16804f5e-5209-48b6-8e3b-77489ae25b5d,canceled,buy,0.10000000
done,2018-08-03T01:25:45.001000Z,LTC-USD,2498097152,75.40000000,50954c97-5959-48d2-ab43-26357e5e262e,canceled,buy,7.74062300
done,2018-08-03T01:25:45.048000Z,LTC-USD,2498097183,75.49000000,0e230eaf-b995-4196-b5c9-21a1631082b4,canceled,buy,20.00000000
done,2018-08-03T01:25:45.097000Z,LTC-USD,2498097192,75.45000000,5025ea98-6a6c-4216-9176-6b7a84734abd,canceled,buy,20.00000000
done,2018-08-03T01:25:45.099000Z,LTC-USD,2498097193,75.74000000,588ed481-f56f-423d-ad84-1861405950bf,canceled,sell,8.49896800
done,2018-08-03T01:25:45.101000Z,LTC-USD,2498097194,75.64000000,a5f40fa4-0370-44fc-a8c2-fa460fbacdd1,canceled,sell,20.00000000
done,2018-08-03T01:25:45.117000Z,LTC-USD,2498097205,75.52000000,0a5fbe30-de09-491d-91a8-cd00320ba77c,canceled,buy,50.00000000
done,2018-08-03T01:25:45.117000Z,LTC-USD,2498097206,75.39000000,e2ae209d-d554-4fe5-afb5-3888a1812d19,canceled,buy,30.00000000
done,2018-08-03T01:25:45.117000Z,LTC-USD,2498097207,75.40000000,04f8a75a-46be-4567-b7cc-b5590338408e,canceled,buy,7.74062300
done,2018-08-03T01:25:45.118000Z,LTC-USD,2498097208,75.44000000,da961d06-dce7-4412-8f63-b5e92d00eb83,canceled,buy,20.00000000
done,2018-08-03T01:25:45.118000Z,LTC-USD,2498097209,75.67000000,746711f9-2c73-43bc-a759-86478fe4caec,canceled,sell,20.00000000
done,2018-08-03T01:25:45.126000Z,LTC-USD,2498097212,75.41000000,bb11053e-d57a-4978-a237-c124ea672950,canceled,buy,7.74062300
done,2018-08-03T01:25:45.128000Z,LTC-USD,2498097213,75.52000000,03ef1bd6-076e-4bba-8f7c-e38412f04e39,canceled,buy,40.00000000
done,2018-08-03T01:25:45.131000Z,LTC-USD,2498097214,75.80000000,851bff0d-bfec-4004-ba36-a3699192a041,canceled,sell,20.00000000
done,2018-08-03T01:25:45.131000Z,LTC-USD,2498097215,75.38000000,b7c0fc41-a79c-4988-b965-cd5409ce2cf6,canceled,buy,20.00000000
done,2018-08-03T01:25:45.135000Z,LTC-USD,2498097216,75.32000000,83c33abe-e1ad-4227-9a3f-8f27c0190b61,canceled,buy,20.00000000
done,2018-08-03T01:25:45.137000Z,LTC-USD,2498097217,75.74000000,eb4ad8ff-a723-4e9b-9ca4-47513de9325a,canceled,sell,20.00000000
done,2018-08-03T01:25:45.140000Z,LTC-USD,2498097218,75.44000000,d282586b-1c8c-4dce-82f9-57311af9b78e,canceled,buy,99.35600000
done,2018-08-03T01:25:45.144000Z,LTC-USD,2498097221,75.59000000,25a37991-aeed-49d3-9060-c23a7f3486d2,canceled,sell,99.28900000
done,2018-08-03T01:25:45.156000Z,LTC-USD,2498097228,75.63000000,1cc09055-eb51-4a31-a721-00d2297e0731,canceled,sell,20.00000000
done,2018-08-03T01:25:45.158000Z,LTC-USD,2498097229,75.73000000,57e74b6c-8d1d-479d-ac67-f7312f29c402,canceled,sell,8.49896800
done,2018-08-03T01:25:45.168000Z,LTC-USD,2498097238,78.61000000,aec73495-513e-42af-ab21-3cf08ecb2641,filled,buy,0.00000000
done,2018-08-03T01:25:45.182000Z,LTC-USD,2498097243,75.52000000,dd5cbe25-f5d0-4622-8ca4-00c4e36ec4d1,canceled,buy,0.10013000
done,2018-08-03T01:25:45.184000Z,LTC-USD,2498097244,75.53000000,431f45ee-18cd-4998-b3e5-73cdcaf9c5e8,canceled,sell,0.10031000
done,2018-08-03T01:25:45.196000Z,LTC-USD,2498097251,75.38000000,bd5f29d6-b876-476c-8c9a-dde0691b47a1,canceled,buy,30.00000000
done,2018-08-03T01:25:45.205000Z,LTC-USD,2498097256,74.22000000,53543e57-82d4-4c2f-a80e-ac6ae368e17c,canceled,buy,99.56200000
done,2018-08-03T01:25:45.210000Z,LTC-USD,2498097257,75.72000000,186782bb-a1ba-42ab-b9c1-64bdc97fba0b,canceled,sell,19.94100000
done,2018-08-03T01:25:45.213000Z,LTC-USD,2498097258,75.36000000,5fd26d38-4a9e-4dd6-8bf6-5779a7df23ef,canceled,buy,24.54900000
done,2018-08-03T01:25:45.216000Z,LTC-USD,2498097261,75.80000000,e317917d-979d-4d41-b37f-57d4e4f9a740,canceled,sell,33.41300000
done,2018-08-03T01:25:45.217000Z,LTC-USD,2498097262,75.28000000,49da4629-85fb-4cff-be4e-8f4d7e86aac9,canceled,buy,38.23100000
done,2018-08-03T01:25:45.220000Z,LTC-USD,2498097265,76.01000000,ae7d088c-19f1-42be-be31-9b8dd98b2a97,canceled,sell,114.34700000
done,2018-08-03T01:25:45.222000Z,LTC-USD,2498097266,75.07000000,d65508f0-27ea-48a2-b3d6-17ba3582d6d5,canceled,buy,81.71400000
done,2018-08-03T01:25:45.223000Z,LTC-USD,2498097267,76.23000000,2006a6c6-9bfe-4676-9a53-111aa2314396,canceled,sell,125.69100000
done,2018-08-03T01:25:45.224000Z,LTC-USD,2498097268,74.86000000,5ce71b99-7a3d-4e44-a451-92cf397d43ed,canceled,buy,121.29200000
done,2018-08-03T01:25:45.225000Z,LTC-USD,2498097269,76.44000000,2a293289-af01-430b-85d2-63c37336a8f3,canceled,sell,192.17100000
done,2018-08-03T01:25:45.226000Z,LTC-USD,2498097270,74.64000000,f85df1d3-cc72-4c09-ac2a-024cf5d9d13e,canceled,buy,118.07200000
done,2018-08-03T01:25:45.227000Z,LTC-USD,2498097271,76.86000000,bfcca135-bf6e-41b0-8708-9247724302bd,canceled,sell,97.94900000
done,2018-08-03T01:25:45.530000Z,LTC-USD,2498097284,75.53000000,39135366-7969-4cd4-b88b-981a01a98283,canceled,sell,50.00000000
done,2018-08-03T01:25:45.538000Z,LTC-USD,2498097285,75.78000000,ad5d595f-5d8a-4a50-87e1-6bb0b4fcc90e,canceled,sell,20.00000000
done,2018-08-03T01:25:45.540000Z,LTC-USD,2498097286,75.36000000,ee3dac44-840e-4b06-80ed-d45d332aad98,canceled,buy,20.00000000
done,2018-08-03T01:25:45.542000Z,LTC-USD,2498097287,75.72000000,e9e25dd8-fca4-4396-8e8a-57d48f1f3cbf,canceled,sell,20.00000000
done,2018-08-03T01:25:45.542000Z,LTC-USD,2498097288,75.30000000,b280fc08-bd26-4437-90ea-5d668de25ce8,canceled,buy,20.00000000
done,2018-08-03T01:25:45.543000Z,LTC-USD,2498097289,75.62000000,197b87eb-e4cb-4394-9d0b-4299d6418be5,canceled,sell,20.00000000
done,2018-08-03T01:25:45.544000Z,LTC-USD,2498097290,75.65000000,e0eb4f9e-4bac-4fab-b030-fea4defa997a,canceled,sell,20.00000000
done,2018-08-03T01:25:45.544000Z,LTC-USD,2498097291,75.37000000,a4922a5b-6e2b-4fed-b02c-d2ac6df9caf9,canceled,buy,30.00000000
done,2018-08-03T01:25:45.546000Z,LTC-USD,2498097292,75.72000000,7dc32172-f2ea-4b7d-adc5-abed34f9de2e,canceled,sell,8.49896800
done,2018-08-03T01:25:45.548000Z,LTC-USD,2498097293,75.39000000,30aada3e-664c-48e3-8aee-748b17b95a2b,canceled,buy,7.74062300
done,2018-08-03T01:25:45.549000Z,LTC-USD,2498097294,75.43000000,22d313be-a7ef-4d5e-b696-0e996fd2517b,canceled,buy,20.00000000
done,2018-08-03T01:25:45.592000Z,LTC-USD,2498097315,75.46000000,222e44e6-0fa7-4d40-a2e2-ebfbe9580f6c,canceled,buy,20.00000000
done,2018-08-03T01:25:45.711000Z,LTC-USD,2498097318,75.07000000,8771e6d7-327d-4513-ad7c-e33167f1b220,canceled,buy,360.69674970
done,2018-08-03T01:25:45.766000Z,LTC-USD,2498097321,75.46000000,760a4680-137c-40ec-b67c-3a83abadc8e1,canceled,buy,20.00000000
done,2018-08-03T01:25:45.926000Z,LTC-USD,2498097328,75.44000000,cc3f0d22-e4dd-4c55-92ef-699080ebbc1a,canceled,buy,20.00000000
done,2018-08-03T01:25:45.938000Z,LTC-USD,2498097331,75.45000000,293d0024-367d-4a07-bff8-754f00a53157,canceled,buy,20.00000000
done,2018-08-03T01:25:45.939000Z,LTC-USD,2498097332,75.52000000,1ea21535-9ddd-419a-85b6-11400bdc2979,canceled,buy,26.10785000
done,2018-08-03T01:25:45.943000Z,LTC-USD,2498097333,75.45000000,aab5e3f7-caf5-46ad-b350-248ebc733037,canceled,buy,22.56946400
done,2018-08-03T01:25:45.947000Z,LTC-USD,2498097336,75.41000000,19787ace-5611-4b33-b6e1-ea1ba526e1da,canceled,buy,43.57428000
done,2018-08-03T01:25:45.951000Z,LTC-USD,2498097337,75.73000000,45d5c4eb-fdf6-43ba-a373-b34ee6d8e6ae,canceled,sell,20.00000000
done,2018-08-03T01:25:45.951000Z,LTC-USD,2498097338,75.79000000,e6550744-852e-4e63-b288-8e511efd032d,canceled,sell,20.00000000
done,2018-08-03T01:25:45.951000Z,LTC-USD,2498097339,75.37000000,4af6442e-e16d-47e9-a058-24a14034d882,canceled,buy,55.69242500
done,2018-08-03T01:25:45.956000Z,LTC-USD,2498097340,75.33000000,b4130ef8-0710-481c-a191-5ff09f02b75a,canceled,buy,66.85266000
done,2018-08-03T01:25:45.960000Z,LTC-USD,2498097343,75.29000000,df7180cc-f7dc-43fd-8071-5277e9193b17,canceled,buy,66.24488600
done,2018-08-03T01:25:45.964000Z,LTC-USD,2498097344,75.56000000,c1a58129-1c71-4f51-a9d9-a3f40f9dfe09,canceled,sell,56.80122500
done,2018-08-03T01:25:45.968000Z,LTC-USD,2498097345,75.60000000,9935e1f0-85cd-44bc-8161-07f35fc5cac3,canceled,sell,104.01336000
done,2018-08-03T01:25:45.970000Z,LTC-USD,2498097348,75.31000000,95130e5c-a985-4f98-b102-1a753c344ee5,canceled,buy,20.00000000
done,2018-08-03T01:25:45.972000Z,LTC-USD,2498097349,75.63000000,13af592b-e83f-45b7-a4e1-1842a912e2d6,canceled,sell,20.00000000
done,2018-08-03T01:25:45.972000Z,LTC-USD,2498097350,75.64000000,7ad08ac1-e0db-4160-8aae-2963fbdf1377,canceled,sell,49.46644300
done,2018-08-03T01:25:45.974000Z,LTC-USD,2498097351,75.73000000,50d0fdaf-6258-4c99-80b4-dc5a02f6827f,canceled,sell,8.49896800
done,2018-08-03T01:25:45.975000Z,LTC-USD,2498097352,75.38000000,e97efe27-9ed8-40d9-8a21-dbfeb46e2d92,canceled,buy,20.00000000
done,2018-08-03T01:25:46.004000Z,LTC-USD,2498097361,75.39000000,fb3c7ebc-7923-4c86-b22e-128f94bd01c9,canceled,buy,30.00000000
done,2018-08-03T01:25:46.018000Z,LTC-USD,2498097368,75.40000000,2a1a5063-f771-40d7-99e3-c5f8fb578403,canceled,buy,30.00000000
done,2018-08-03T01:25:46.022000Z,LTC-USD,2498097371,75.39000000,a4150f11-8194-45a8-b599-93b0892eb711,canceled,buy,30.00000000
done,2018-08-03T01:25:46.022000Z,LTC-USD,2498097372,75.40000000,0c7418dd-eecb-4b6d-ba2e-4504d372db3d,canceled,buy,7.74062300
done,2018-08-03T01:25:46.047000Z,LTC-USD,2498097381,75.43000000,701ad416-29e2-4b2e-ac16-9853b91f1cc8,canceled,buy,20.00000000
done,2018-08-03T01:25:46.049000Z,LTC-USD,2498097382,75.40000000,bdddc223-dddc-4eae-bd29-9edff2cb848e,canceled,buy,30.00000000
done,2018-08-03T01:25:46.069000Z,LTC-USD,2498097389,75.44000000,e309efa2-f4ca-4201-9e78-d6dd8f43e31d,canceled,buy,20.00000000
done,2018-08-03T01:25:46.102000Z,LTC-USD,2498097398,75.39000000,8a848e99-e618-44f0-9735-6dc2a4954207,canceled,buy,20.00000000
done,2018-08-03T01:25:46.108000Z,LTC-USD,2498097401,75.43000000,6974ba0b-ce77-47ca-889f-3c274b0bcdbe,canceled,buy,20.00000000
done,2018-08-03T01:25:46.113000Z,LTC-USD,2498097404,75.64000000,adbfa5cc-40d0-4626-8e94-b7994ca73a70,canceled,sell,20.00000000
done,2018-08-03T01:25:46.122000Z,LTC-USD,2498097409,75.44000000,0f511ccc-a315-4c85-93ff-f67f08767771,canceled,buy,20.00000000
done,2018-08-03T01:25:46.128000Z,LTC-USD,2498097412,75.52000000,18675e7e-9249-441a-ba24-85e450a04b07,canceled,buy,32.00384400
done,2018-08-03T01:25:46.131000Z,LTC-USD,2498097415,75.49000000,43eefb23-50d9-4f0e-9924-a37a5e67fb2c,canceled,buy,5.61648400
done,2018-08-03T01:25:46.139000Z,LTC-USD,2498097418,75.43000000,627850d4-b27f-4caa-85ce-40788e9b31c5,canceled,buy,20.00000000
done,2018-08-03T01:25:46.140000Z,LTC-USD,2498097419,75.45000000,7be4d2b9-2a00-4d52-b6e0-5b9f0deab6ee,canceled,buy,7.06464200
done,2018-08-03T01:25:46.142000Z,LTC-USD,2498097420,75.41000000,1c8e54b8-529f-4466-a6a4-1b39c82dea63,canceled,buy,7.74062300
done,2018-08-03T01:25:46.145000Z,LTC-USD,2498097421,75.41000000,c8dfdffe-bf6e-4912-bbc2-2c641ed30fe6,canceled,buy,43.11883800
done,2018-08-03T01:25:46.149000Z,LTC-USD,2498097424,75.37000000,51851b6c-cdbd-4cfe-976c-9dd3588cc242,canceled,buy,50.25707800
done,2018-08-03T01:25:46.154000Z,LTC-USD,2498097425,75.33000000,d5b6da8a-3211-42d9-9656-441356a8dde5,canceled,buy,87.85860500
done,2018-08-03T01:25:46.158000Z,LTC-USD,2498097426,75.29000000,b5bc92db-9023-42fa-b42b-2fff743a2c11,canceled,buy,55.11743200
done,2018-08-03T01:25:46.187000Z,LTC-USD,2498097429,75.44000000,ed6fc029-393e-4cae-85d5-a1876e40da59,canceled,buy,20.00000000
done,2018-08-03T01:25:46.222000Z,LTC-USD,2498097434,75.52000000,ac7971d0-2877-4063-a995-fab9791a2f90,canceled,buy,0.10016000
done,2018-08-03T01:25:46.284000Z,LTC-USD,2498097435,75.50000000,6597ce21-d110-4873-b692-8958ec5f7712,canceled,buy,20.00000000
done,2018-08-03T01:25:46.419000Z,LTC-USD,2498097438,75.03000000,8ec65622-250a-4133-94d5-ce0e5a05eba7,canceled,buy,252.49240304
done,2018-08-03T01:25:46.434000Z,LTC-USD,2498097439,75.12000000,1bb46916-4752-41c6-8815-189709520e81,canceled,buy,108.20693557
done,2018-08-03T01:25:46.500000Z,LTC-USD,2498097440,75.46000000,72b275ee-7d19-4456-9ed6-a02f15d4188f,canceled,buy,20.00000000
done,2018-08-03T01:25:46.534000Z,LTC-USD,2498097447,75.46000000,32780482-d9d8-499c-af44-2e8a07c76522,canceled,buy,20.00000000
done,2018-08-03T01:25:46.694000Z,LTC-USD,2498097450,75.03000000,9146aaa8-c9df-4df0-b239-63b53c39432b,canceled,buy,360.70245235
done,2018-08-03T01:25:46.776000Z,LTC-USD,2498097453,75.52000000,205ddf9b-214e-412b-af45-cd3a724fd2f7,canceled,buy,0.10052000
