type,time,product_id,sequence,order_id,funds,size,price,side,order_type
open,2018-08-03T01:25:43.958000Z,BCH-USD,5070107396,fd0fe952-0373-4b42-a72e-eb90a65be3ec,710.91000000,2.00000000,buy
open,2018-08-03T01:25:43.959000Z,BCH-USD,5070107398,92597640-3959-4a72-aaa4-3f75fac88a0b,712.99000000,1.90000000,sell
open,2018-08-03T01:25:43.961000Z,BCH-USD,5070107400,5f5b1c4f-5814-4169-9873-f9fdc0efee6c,713.27000000,1.90000000,sell
open,2018-08-03T01:25:43.975000Z,BCH-USD,5070107407,2f86091d-a5e6-4068-9c84-afc7eaeb296e,708.44000000,13.42000000,buy
open,2018-08-03T01:25:43.977000Z,BCH-USD,5070107409,e111b3f5-6575-4ba6-aa9a-80a4b3ff3cdc,710.01000000,3.78069100,buy
open,2018-08-03T01:25:43.978000Z,BCH-USD,5070107411,872d3a97-b3d3-49b6-af68-7bb02100e988,712.98000000,0.90000000,sell
open,2018-08-03T01:25:43.981000Z,BCH-USD,5070107413,63b9655d-e0f7-4ab3-8526-b9c7bf2522c2,712.98000000,4.50000000,sell
open,2018-08-03T01:25:43.982000Z,BCH-USD,5070107415,675bd2db-8039-4f13-954a-abd0c5492ba2,713.06000000,1.90000000,sell
open,2018-08-03T01:25:43.984000Z,BCH-USD,5070107418,ab33eb8e-c71d-4000-b277-e6a9cfa6beb8,712.98000000,1.90000000,sell
open,2018-08-03T01:25:43.992000Z,BCH-USD,5070107424,a429ea23-b8e7-462b-9225-947aa3049db3,712.99000000,0.90000000,sell
open,2018-08-03T01:25:43.995000Z,BCH-USD,5070107427,0277303d-8260-4b93-b3fe-5475a2724c44,712.99000000,4.50000000,sell
open,2018-08-03T01:25:43.997000Z,BCH-USD,5070107429,e07be9cd-1330-4e59-923a-9059ce10a7b6,712.99000000,1.90000000,sell
open,2018-08-03T01:25:44.008000Z,BCH-USD,5070107433,b9282bfb-26bf-4d94-aaa5-f2b9845c091e,713.27000000,1.90000000,sell
open,2018-08-03T01:25:44.008000Z,BCH-USD,5070107435,7784b7f4-c2f5-4414-8bbf-4666a8ff1367,710.91000000,2.00000000,buy
open,2018-08-03T01:25:44.011000Z,BCH-USD,5070107437,7f693b7a-d2e8-4e9e-af85-32963736f5b8,710.02000000,3.78069100,buy
open,2018-08-03T01:25:44.021000Z,BCH-USD,5070107441,9fb20eb6-6af9-4a4d-bb34-00fe642068e1,712.98000000,4.50000000,sell
open,2018-08-03T01:25:44.027000Z,BCH-USD,5070107444,37c7541f-b49b-45b8-bdb8-d6c23620f62f,712.98000000,1.90000000,sell
open,2018-08-03T01:25:44.033000Z,BCH-USD,5070107449,7716a5cc-1726-42a3-8248-ce37eb6039d1,710.91000000,2.00000000,buy
open,2018-08-03T01:25:44.033000Z,BCH-USD,5070107451,2f205105-9394-4f1f-b526-fb7bf860c9a5,710.01000000,3.78069100,buy
open,2018-08-03T01:25:44.036000Z,BCH-USD,5070107453,2d07c93f-bc5e-48e1-b15e-d9b851dffa70,713.06000000,1.90000000,sell
open,2018-08-03T01:25:44.039000Z,BCH-USD,5070107456,cd42a777-6c98-4524-afeb-402d58630fe0,712.98000000,0.90000000,sell
open,2018-08-03T01:25:44.048000Z,BCH-USD,5070107460,aaf3e65c-e9ee-4d6f-b0a9-18b2a534ac39,712.99000000,1.90000000,sell
open,2018-08-03T01:25:44.049000Z,BCH-USD,5070107462,054e5922-fb7e-4b13-a4c4-5646d298bb57,712.99000000,4.50000000,sell
open,2018-08-03T01:25:44.050000Z,BCH-USD,5070107464,f5d2b1db-f5cd-4974-b960-25feaf0d0a55,713.27000000,1.90000000,sell
open,2018-08-03T01:25:44.053000Z,BCH-USD,5070107466,7f3571f6-2b38-4eda-917d-72fde1ef047f,710.02000000,3.78069100,buy
open,2018-08-03T01:25:44.053000Z,BCH-USD,5070107468,10b4164a-9f11-4419-9ba1-c7d4006e5960,712.99000000,0.90000000,sell
open,2018-08-03T01:25:44.066000Z,BCH-USD,5070107473,340fd8ab-c080-403e-bc15-9babd6f45289,710.01000000,3.78069100,buy
open,2018-08-03T01:25:44.067000Z,BCH-USD,5070107475,958b3f83-9023-496a-8c66-b8a4804a652d,713.06000000,1.90000000,sell
open,2018-08-03T01:25:44.068000Z,BCH-USD,5070107477,e92b7f6f-264d-4c54-9c79-21e0584b3952,712.98000000,0.90000000,sell
open,2018-08-03T01:25:44.079000Z,BCH-USD,5070107481,d26cb4e7-ccd2-427c-88cf-bb9085941ef2,712.98000000,1.90000000,sell
open,2018-08-03T01:25:44.084000Z,BCH-USD,5070107485,075e8f93-5da9-46ba-b6c8-942a85fcc896,712.98000000,4.50000000,sell
open,2018-08-03T01:25:44.093000Z,BCH-USD,5070107490,2af97f68-bf72-49c0-aa06-acf6ea300aef,710.02000000,3.78069100,buy
open,2018-08-03T01:25:44.095000Z,BCH-USD,5070107492,40512d95-7887-42a3-815d-db87059f24af,712.99000000,0.90000000,sell
open,2018-08-03T01:25:44.100000Z,BCH-USD,5070107495,e0492e9b-4157-4e49-847f-f7241fa9a224,712.99000000,1.90000000,sell
open,2018-08-03T01:25:44.100000Z,BCH-USD,5070107497,5ae64d3f-2aaf-48e2-b379-ecbfa642cc97,713.27000000,1.90000000,sell
open,2018-08-03T01:25:44.112000Z,BCH-USD,5070107499,99d27c71-44fc-4bcd-8e5a-5c36ae2fa490,712.99000000,4.50000000,sell
open,2018-08-03T01:25:44.114000Z,BCH-USD,5070107501,b6e40981-a4d2-48e9-b348-3652154fb5b3,710.01000000,3.78069100,buy
open,2018-08-03T01:25:44.129000Z,BCH-USD,5070107509,a4411304-8981-4fd8-b49d-88d4ae811495,712.98000000,4.50000000,sell
open,2018-08-03T01:25:44.130000Z,BCH-USD,5070107511,9b3c554c-a753-47ed-8821-f47a1af1634f,713.06000000,1.90000000,sell
open,2018-08-03T01:25:44.136000Z,BCH-USD,5070107516,c4c4a289-f724-4569-a451-42e6e4d74f18,712.98000000,1.90000000,sell
open,2018-08-03T01:25:44.138000Z,BCH-USD,5070107518,775dd0e3-c4f1-4b8f-8c13-acab666ac665,712.98000000,0.90000000,sell
open,2018-08-03T01:25:44.163000Z,BCH-USD,5070107526,8cffbbdf-1e46-4ed7-bd18-39c4d8c0a010,713.27000000,1.90000000,sell
open,2018-08-03T01:25:44.167000Z,BCH-USD,5070107529,51155724-ad26-4d50-b235-171206ef0e9b,712.99000000,0.90000000,sell
open,2018-08-03T01:25:44.168000Z,BCH-USD,5070107531,f3b0e0a0-279e-4558-bbae-3a4bddb7a786,710.02000000,3.78069100,buy
open,2018-08-03T01:25:44.175000Z,BCH-USD,5070107535,1e0c79a0-850d-4065-ad6c-333cb16af79c,712.99000000,1.90000000,sell
open,2018-08-03T01:25:44.176000Z,BCH-USD,5070107537,433b124f-f0f4-4cd6-8a9e-d3217c4493ee,712.99000000,4.50000000,sell
open,2018-08-03T01:25:44.178000Z,BCH-USD,5070107539,27b2784d-b108-49a0-8814-6c3a4cb9fa82,710.25000000,3.00000000,buy
open,2018-08-03T01:25:44.243000Z,BCH-USD,5070107548,fdf8273c-a3b5-4ba0-8bf1-5f70c1614460,709.88000000,3.78069100,buy
open,2018-08-03T01:25:44.246000Z,BCH-USD,5070107551,c810e430-c87c-4df3-86c2-8be7bb414023,712.98000000,0.90000000,sell
open,2018-08-03T01:25:44.247000Z,BCH-USD,5070107554,237f665f-780a-44ee-a297-b9ecfa7368a3,713.06000000,1.90000000,sell
open,2018-08-03T01:25:44.252000Z,BCH-USD,5070107557,8a1ef97d-b0ca-477b-9e8a-edb0c9bbb8fa,708.50000000,0.28539700,buy
open,2018-08-03T01:25:44.256000Z,BCH-USD,5070107560,ebebfc2f-bec4-41fa-8537-bc225939a879,712.98000000,4.50000000,sell
open,2018-08-03T01:25:44.259000Z,BCH-USD,5070107562,eef4e22e-28f6-444e-9773-1464aa4971f7,710.59000000,10.00000000,buy
open,2018-08-03T01:25:44.263000Z,BCH-USD,5070107565,40de65c5-deb3-44f5-a778-9ef8e01aa950,712.99000000,0.90000000,sell
open,2018-08-03T01:25:44.268000Z,BCH-USD,5070107567,0e3b6f68-37cb-4df0-a5ca-ebedbf5d5377,708.08000000,0.42029900,buy
open,2018-08-03T01:25:44.268000Z,BCH-USD,5070107569,88082ec5-cf4e-464f-a324-ccd325ca651c,712.98000000,1.90000000,sell
open,2018-08-03T01:25:44.270000Z,BCH-USD,5070107571,1aab1c15-6ad0-4b78-a6b3-d5233e2419fb,707.86000000,0.01000000,buy
open,2018-08-03T01:25:44.272000Z,BCH-USD,5070107573,4dcb81f3-0c39-4f01-9aa8-1a98862ad5a6,710.01000000,3.78069100,buy
open,2018-08-03T01:25:44.272000Z,BCH-USD,5070107575,86c7ea71-8fa2-460f-958f-d9d35fad60aa,712.99000000,4.50000000,sell
open,2018-08-03T01:25:44.275000Z,BCH-USD,5070107578,ba70958e-8428-408a-a873-9784d3746999,713.27000000,1.90000000,sell
open,2018-08-03T01:25:44.281000Z,BCH-USD,5070107582,6851c528-fb72-4c12-93a2-23387a297883,712.99000000,1.90000000,sell
open,2018-08-03T01:25:44.291000Z,BCH-USD,5070107590,b61b54c2-e07e-459c-9014-84b2308d92ed,707.87000000,0.82721300,buy
open,2018-08-03T01:25:44.296000Z,BCH-USD,5070107592,e5888c1b-0cd0-4877-8c9c-132bfaa4aa8c,712.98000000,4.50000000,sell
open,2018-08-03T01:25:44.298000Z,BCH-USD,5070107594,aab3b880-5d5a-4ce4-8380-8bf236583e0f,713.06000000,1.90000000,sell
open,2018-08-03T01:25:44.299000Z,BCH-USD,5070107596,a553f6af-0b30-4c4b-9297-cb6a40a3fea7,712.98000000,1.90000000,sell
open,2018-08-03T01:25:44.300000Z,BCH-USD,5070107598,992ac07a-09ab-4a3e-8da9-05f12d4aa6ac,710.60000000,0.90000000,buy
open,2018-08-03T01:25:44.302000Z,BCH-USD,5070107600,5a2ae379-eb07-4a54-baeb-8e0eda0d9248,712.98000000,0.90000000,sell
open,2018-08-03T01:25:44.308000Z,BCH-USD,5070107604,24863312-9095-45f1-8bc0-21c1351a775d,711.00000000,2.00000000,buy
open,2018-08-03T01:25:44.317000Z,BCH-USD,5070107607,682c1534-cbc2-4ea4-befc-a5594560ffe5,706.19000000,1.35482300,buy
open,2018-08-03T01:25:44.318000Z,BCH-USD,5070107609,7154f3a7-8b3d-41e0-a6ed-e6c82d7d0095,710.02000000,3.78069100,buy
open,2018-08-03T01:25:44.322000Z,BCH-USD,5070107612,17dd4f69-90ce-4f66-9f73-03f7655ba351,712.99000000,1.90000000,sell
open,2018-08-03T01:25:44.322000Z,BCH-USD,5070107614,3e51dd63-c037-4403-b499-95aa9e7ae9ac,713.27000000,1.90000000,sell
open,2018-08-03T01:25:44.327000Z,BCH-USD,5070107618,b527c849-7aef-4f01-a122-7d83c44a46ae,712.99000000,0.90000000,sell
open,2018-08-03T01:25:44.327000Z,BCH-USD,5070107620,e4be9ff7-f377-4d2b-8108-0eda81deab4d,712.29000000,11.39000000,sell
open,2018-08-03T01:25:44.328000Z,BCH-USD,5070107622,edec44cc-9ba3-4187-ba4b-034cc20ab087,712.13000000,0.70720000,sell
open,2018-08-03T01:25:44.331000Z,BCH-USD,5070107625,55d81367-4003-4413-a178-647ebb41650b,719.00000000,0.28421000,sell
open,2018-08-03T01:25:44.334000Z,BCH-USD,5070107628,b124f8cb-d1e4-4801-9208-e36a9aa4933b,708.45000000,10.28000000,buy
open,2018-08-03T01:25:44.335000Z,BCH-USD,5070107631,b1c6ce39-8cdf-4919-8339-4745cf522d99,712.99000000,4.50000000,sell
open,2018-08-03T01:25:44.337000Z,BCH-USD,5070107633,de0522d9-1041-4bbe-b2c6-e018be4b9ea2,710.01000000,3.78069100,buy
open,2018-08-03T01:25:44.340000Z,BCH-USD,5070107635,accbb79b-62bc-420e-b371-68e0543a97a2,712.98000000,0.90000000,sell
open,2018-08-03T01:25:44.344000Z,BCH-USD,5070107638,04ac7966-4251-42cd-812f-01634400633b,713.06000000,1.90000000,sell
open,2018-08-03T01:25:44.345000Z,BCH-USD,5070107640,9d06b8fc-0d3a-4d67-915e-803bb7f69cc4,713.19000000,0.26906400,sell
open,2018-08-03T01:25:44.348000Z,BCH-USD,5070107644,82ad0381-e84a-4b69-8d0e-6a5c429a6872,712.98000000,1.90000000,sell
open,2018-08-03T01:25:44.354000Z,BCH-USD,5070107649,cee26be0-f876-4b82-a40b-49586286c708,710.02000000,3.78069100,buy
open,2018-08-03T01:25:44.357000Z,BCH-USD,5070107651,dcd2d3b5-ca3a-49bf-aa06-6e06622e2f8f,712.99000000,0.90000000,sell
open,2018-08-03T01:25:44.362000Z,BCH-USD,5070107655,45c4969f-81be-4980-9609-70a2ae994d90,712.98000000,4.50000000,sell
open,2018-08-03T01:25:44.368000Z,BCH-USD,5070107658,35e528e1-902d-4b64-9992-7d3ba995b1e0,714.45000000,1.05546800,sell
open,2018-08-03T01:25:44.369000Z,BCH-USD,5070107660,bd745c5e-0350-414a-9d9e-fdd60914d1c6,710.01000000,3.78069100,buy
open,2018-08-03T01:25:44.370000Z,BCH-USD,5070107662,f89646cd-8289-4964-8957-1f68c336fc9a,710.91000000,2.00000000,buy
open,2018-08-03T01:25:44.373000Z,BCH-USD,5070107664,b7e66490-5216-42a9-8e58-9d1946ed37bb,712.99000000,1.90000000,sell
open,2018-08-03T01:25:44.378000Z,BCH-USD,5070107667,b9f35ac7-14d0-44fb-8700-dc21b264e05b,711.94000000,0.70720000,sell
open,2018-08-03T01:25:44.381000Z,BCH-USD,5070107669,91b58bbe-0728-4ff7-977f-a0d2cf72d8b5,712.99000000,4.50000000,sell
open,2018-08-03T01:25:44.392000Z,BCH-USD,5070107674,bc64db47-c06c-45f5-a03d-1bf54bf1b652,714.66000000,1.23867500,sell
open,2018-08-03T01:25:44.396000Z,BCH-USD,5070107676,9f90d20b-1a36-44b0-80c5-f8e5dd38c01b,710.91000000,2.00000000,buy
open,2018-08-03T01:25:44.411000Z,BCH-USD,5070107679,9ecf3d1b-2c87-44c1-89ae-d79b7c2a34e4,714.87000000,0.98261700,sell
open,2018-08-03T01:25:44.415000Z,BCH-USD,5070107682,1e14e810-179a-4403-9d59-6b7e7fdd845d,687.49000000,68.00000000,buy
open,2018-08-03T01:25:44.417000Z,BCH-USD,5070107684,0caa9793-40fa-44c3-aa33-f46f976c5fff,710.91000000,2.00000000,buy
open,2018-08-03T01:25:44.428000Z,BCH-USD,5070107687,d3b369b8-3854-45ff-9120-750d2e219a65,710.02000000,3.78069100,buy
open,2018-08-03T01:25:44.433000Z,BCH-USD,5070107690,5bcc8e8c-d023-4b47-ac83-58f2ab33db41,712.98000000,4.50000000,sell
open,2018-08-03T01:25:44.436000Z,BCH-USD,5070107693,fe898e8c-1918-4244-8a4e-d1e9f2c0b4e9,712.98000000,1.90000000,sell
open,2018-08-03T01:25:44.442000Z,BCH-USD,5070107697,bb369982-564e-410a-85c5-0e2870322808,712.98000000,0.90000000,sell
open,2018-08-03T01:25:44.452000Z,BCH-USD,5070107700,5f5643f5-c441-499b-81a3-2ebb665d7a7e,710.01000000,3.78069100,buy
open,2018-08-03T01:25:44.454000Z,BCH-USD,5070107702,dfb16921-1022-48b3-abe3-1dc271660050,712.13000000,0.70720000,sell
open,2018-08-03T01:25:44.462000Z,BCH-USD,5070107706,54906c99-f70a-41ac-a346-9c0be2d41105,712.99000000,4.50000000,sell
open,2018-08-03T01:25:44.465000Z,BCH-USD,5070107709,3002bfe0-562d-403c-8d62-7e2910e4fe23,712.99000000,0.90000000,sell
open,2018-08-03T01:25:44.465000Z,BCH-USD,5070107711,2db97b9d-25bd-4ed5-a7d3-957e62542251,711.00000000,2.00000000,buy
open,2018-08-03T01:25:44.466000Z,BCH-USD,5070107713,93971932-a639-4f01-9dcb-35b8a72c048a,712.99000000,1.90000000,sell
open,2018-08-03T01:25:44.473000Z,BCH-USD,5070107716,36d33f7a-6dd7-4499-b1a8-931c5b70c648,710.02000000,3.78069100,buy
open,2018-08-03T01:25:44.482000Z,BCH-USD,5070107721,bb36c6bd-7aa5-414b-93ac-30e05d61d838,712.98000000,0.90000000,sell
open,2018-08-03T01:25:44.483000Z,BCH-USD,5070107723,123d16b5-e98c-49ed-9c85-73d2feda88b2,712.98000000,4.50000000,sell
open,2018-08-03T01:25:44.485000Z,BCH-USD,5070107725,9349344f-bcd7-4dff-be4e-5cd177874642,711.94000000,0.70720000,sell
open,2018-08-03T01:25:44.490000Z,BCH-USD,5070107728,5c828dc4-cf4a-452a-b480-cec403d6b6b0,712.98000000,1.90000000,sell
open,2018-08-03T01:25:44.494000Z,BCH-USD,5070107731,e885187a-4d0f-49fa-bbab-b3a3c16ee3e0,710.01000000,3.78069100,buy
open,2018-08-03T01:25:44.495000Z,BCH-USD,5070107733,7e2aa3ad-3a25-4782-a998-09869195d5ee,712.99000000,0.90000000,sell
open,2018-08-03T01:25:44.508000Z,BCH-USD,5070107735,32e431f2-6b2f-46a2-9b81-96780d428da6,712.97000000,4.50000000,sell
open,2018-08-03T01:25:44.518000Z,BCH-USD,5070107739,8d5602d2-f572-4f2f-8222-6b2a9b5c9644,710.02000000,3.78069100,buy
open,2018-08-03T01:25:44.524000Z,BCH-USD,5070107742,38d89096-47fb-4c6d-abf9-6f9b0e900c04,712.99000000,4.50000000,sell
open,2018-08-03T01:25:44.528000Z,BCH-USD,5070107745,21cbe6a8-03fa-461d-a91a-dfed62129c18,712.99000000,1.90000000,sell
open,2018-08-03T01:25:44.540000Z,BCH-USD,5070107748,daff0253-40d9-4728-81fb-78b2d6deaf0f,710.03000000,3.78069100,buy
open,2018-08-03T01:25:44.549000Z,BCH-USD,5070107752,f11ce480-b80a-4af5-a8e7-1c062d55d8cf,712.98000000,4.50000000,sell
open,2018-08-03T01:25:44.554000Z,BCH-USD,5070107754,44417c90-5fd1-45e9-b972-a015e0dc7cda,710.01000000,3.78069100,buy
open,2018-08-03T01:25:44.561000Z,BCH-USD,5070107758,617afe3d-d26e-4ea3-8b47-aa945f55ca16,712.99000000,4.50000000,sell
open,2018-08-03T01:25:44.571000Z,BCH-USD,5070107764,1c095b3b-f7fb-4c82-bc1b-adb0f3d1fdce,712.98000000,0.90000000,sell
open,2018-08-03T01:25:44.572000Z,BCH-USD,5070107766,030e185f-49ed-43dd-baef-75aa6afed332,712.98000000,4.50000000,sell
open,2018-08-03T01:25:44.575000Z,BCH-USD,5070107769,5c3f51ec-9d31-4752-b7c1-63e25ec9aece,712.98000000,1.90000000,sell
open,2018-08-03T01:25:44.579000Z,BCH-USD,5070107771,3589f17e-4453-4007-bdff-7b771161ef54,710.02000000,3.78069100,buy
open,2018-08-03T01:25:44.581000Z,BCH-USD,5070107774,400d12ee-9f0a-4229-831f-fa8202f17f32,711.00000000,2.00000000,buy
open,2018-08-03T01:25:44.584000Z,BCH-USD,5070107776,909bcc54-f8a5-4133-b140-d5b353e7cf7c,712.99000000,0.90000000,sell
open,2018-08-03T01:25:44.586000Z,BCH-USD,5070107779,83b106f5-5b4c-4eca-9fad-2a6a935843cc,712.13000000,0.70720000,sell
open,2018-08-03T01:25:44.595000Z,BCH-USD,5070107782,2da2688f-6d3f-44bd-b3a5-c912f335f0d6,712.99000000,1.90000000,sell
open,2018-08-03T01:25:44.596000Z,BCH-USD,5070107784,b21dd3c2-6085-413d-9c61-4f0d1b0aab91,712.97000000,0.90000000,sell
open,2018-08-03T01:25:44.602000Z,BCH-USD,5070107787,0f3bca98-e63f-4c19-9bd1-518a49cb5669,710.01000000,3.78069100,buy
open,2018-08-03T01:25:44.605000Z,BCH-USD,5070107789,c38c8e6f-7e9a-4417-a9b1-8acc9f124108,712.98000000,1.90000000,sell
open,2018-08-03T01:25:44.613000Z,BCH-USD,5070107796,9c6204a3-af0c-495e-8e6c-643ff4209423,710.02000000,3.78069100,buy
open,2018-08-03T01:25:44.617000Z,BCH-USD,5070107798,0bd5ec34-faae-4880-8adb-960c43ccf20b,712.97000000,4.50000000,sell
open,2018-08-03T01:25:44.620000Z,BCH-USD,5070107800,f374a8ee-b453-4eb9-8843-83d77c16fedd,712.98000000,0.90000000,sell
open,2018-08-03T01:25:44.620000Z,BCH-USD,5070107802,fc934f4b-face-4615-bac6-3acc3c4b2061,712.97000000,1.90000000,sell
open,2018-08-03T01:25:44.631000Z,BCH-USD,5070107808,16eb7641-8bd7-4804-a3dd-94650a79d14f,712.99000000,0.90000000,sell
open,2018-08-03T01:25:44.632000Z,BCH-USD,5070107810,7e97e888-276f-4929-90eb-246f483e0d84,712.99000000,4.50000000,sell
open,2018-08-03T01:25:44.635000Z,BCH-USD,5070107812,e9a7ea80-6a1a-4eae-b3d5-04f97bcd0798,711.00000000,2.00000000,buy
open,2018-08-03T01:25:44.645000Z,BCH-USD,5070107816,7b078f1e-a074-4253-ab69-d45bddf577f6,712.99000000,1.90000000,sell
open,2018-08-03T01:25:44.649000Z,BCH-USD,5070107819,4f0c0fff-9612-4440-ac55-094f9eeebb04,712.98000000,0.90000000,sell
open,2018-08-03T01:25:44.656000Z,BCH-USD,5070107822,23deb75f-e21f-4ff6-8d43-f90a54988803,710.03000000,3.78069100,buy
open,2018-08-03T01:25:44.657000Z,BCH-USD,5070107824,9b896587-3f65-4199-862e-4e27d4a9e97c,712.13000000,0.70720000,sell
open,2018-08-03T01:25:44.662000Z,BCH-USD,5070107828,d436779d-5a7f-440f-bf19-1cd616620653,711.00000000,2.00000000,buy
open,2018-08-03T01:25:44.664000Z,BCH-USD,5070107831,88b02ffc-1a3f-410c-bdcb-f2ffebb29d20,712.99000000,0.90000000,sell
open,2018-08-03T01:25:44.668000Z,BCH-USD,5070107833,b7865b8d-308d-4bd1-a7f5-0ada9f95af78,712.98000000,1.90000000,sell
open,2018-08-03T01:25:44.670000Z,BCH-USD,5070107836,1175a5dc-004a-408f-ad79-16ac7ac50027,712.98000000,4.50000000,sell
open,2018-08-03T01:25:44.673000Z,BCH-USD,5070107839,5a872d99-03e9-4973-9362-2c354db02455,710.01000000,3.78069100,buy
open,2018-08-03T01:25:44.676000Z,BCH-USD,5070107842,2ee43bc9-73fc-444e-a9ed-b1a2b60448d7,712.98000000,0.90000000,sell
open,2018-08-03T01:25:44.685000Z,BCH-USD,5070107846,68f7f36c-ddd0-404a-ad36-ed556259f9a3,712.99000000,0.90000000,sell
open,2018-08-03T01:25:44.688000Z,BCH-USD,5070107848,fefc84bc-96eb-4b1f-b312-f2f4ed19f429,712.99000000,1.90000000,sell
open,2018-08-03T01:25:44.691000Z,BCH-USD,5070107850,2c60323e-3b40-4502-88c3-556bd9d8a169,712.99000000,4.50000000,sell
open,2018-08-03T01:25:44.694000Z,BCH-USD,5070107852,46b80f20-6205-4df8-be18-88470f68b459,710.02000000,3.78069100,buy
open,2018-08-03T01:25:44.707000Z,BCH-USD,5070107857,edacabac-b3ea-47df-820c-af0bae8bcd49,712.12000000,0.02738039,sell
open,2018-08-03T01:25:44.708000Z,BCH-USD,5070107859,f0d036ba-6562-40e6-b17e-fc0e49d96ef2,710.01000000,3.78069100,buy
open,2018-08-03T01:25:44.716000Z,BCH-USD,5070107862,8f12f924-7672-43c5-a865-dbbcfd1fb072,712.98000000,4.50000000,sell
open,2018-08-03T01:25:44.719000Z,BCH-USD,5070107864,795080ab-07ca-4cfb-9003-e5800ee9f8df,712.98000000,1.90000000,sell
open,2018-08-03T01:25:44.730000Z,BCH-USD,5070107869,9e934507-75e5-4b6b-b4c0-8e9ef02a0cac,710.02000000,3.78069100,buy
open,2018-08-03T01:25:44.733000Z,BCH-USD,5070107871,bf30f7c1-e628-47e1-804a-1852c246a6eb,712.97000000,0.90000000,sell
open,2018-08-03T01:25:44.741000Z,BCH-USD,5070107875,0f5c346d-14db-4ec5-8a09-7b45303b0c08,712.99000000,1.90000000,sell
open,2018-08-03T01:25:44.746000Z,BCH-USD,5070107877,45876c84-2880-4b0e-ab8d-a1504e82bb4b,712.99000000,0.90000000,sell
open,2018-08-03T01:25:44.748000Z,BCH-USD,5070107879,cf0f947a-0ce1-4e08-ac80-360993d19f8a,712.99000000,4.50000000,sell
open,2018-08-03T01:25:44.756000Z,BCH-USD,5070107881,dc238c54-e201-4dff-96a5-118ac4dfa6ea,710.01000000,3.78069100,buy
open,2018-08-03T01:25:44.763000Z,BCH-USD,5070107887,e1faf18c-75c5-4b64-b3d5-7323a669dcae,712.98000000,0.90000000,sell
open,2018-08-03T01:25:44.766000Z,BCH-USD,5070107889,255e8e7a-08e6-4004-8a4f-33354e1c6580,712.98000000,1.90000000,sell
open,2018-08-03T01:25:44.777000Z,BCH-USD,5070107892,5bb43f5e-84f9-44a4-afa8-da9f55287cec,712.98000000,4.50000000,sell
open,2018-08-03T01:25:44.784000Z,BCH-USD,5070107895,df4095f3-68fc-4d34-a127-1bb6f33dc5f6,712.99000000,0.90000000,sell
open,2018-08-03T01:25:44.785000Z,BCH-USD,5070107897,31863c9b-7f7a-43e7-98b5-df7a713b5d6b,710.02000000,3.78069100,buy
open,2018-08-03T01:25:44.789000Z,BCH-USD,5070107899,ff4eeff0-6d5b-4adb-a5a0-f1cf67916176,712.99000000,4.50000000,sell
open,2018-08-03T01:25:44.797000Z,BCH-USD,5070107904,a31ee600-eaef-4449-97a9-2d034b8b5921,710.01000000,3.78069100,buy
open,2018-08-03T01:25:44.805000Z,BCH-USD,5070107907,a211bd02-35a3-4340-934e-f2ef44539ec7,712.98000000,0.90000000,sell
open,2018-08-03T01:25:44.808000Z,BCH-USD,5070107910,40da3194-4c1a-4fda-90e4-3a1221caad49,712.98000000,4.50000000,sell
open,2018-08-03T01:25:44.814000Z,BCH-USD,5070107914,13e13d3c-be65-4241-936c-5fb4661a1b48,710.02000000,3.78069100,buy
open,2018-08-03T01:25:44.817000Z,BCH-USD,5070107916,ea9a91e0-b9c0-4be3-951d-578ca67c7350,712.99000000,1.90000000,sell
open,2018-08-03T01:25:44.818000Z,BCH-USD,5070107918,adf67bfa-49d1-4ea1-a999-46c085bd9d0f,712.99000000,0.90000000,sell
open,2018-08-03T01:25:44.822000Z,BCH-USD,5070107920,2e6c82ec-d587-42f1-92bb-6c465bff4fd7,712.99000000,4.50000000,sell
open,2018-08-03T01:25:44.834000Z,BCH-USD,5070107924,e32a6a2a-1bc6-4af6-b530-03e6ebaedc9c,712.98000000,4.50000000,sell
open,2018-08-03T01:25:44.839000Z,BCH-USD,5070107927,f671f62a-f76c-4730-bb23-f81a3870e29e,712.98000000,1.90000000,sell
open,2018-08-03T01:25:44.844000Z,BCH-USD,5070107932,29524536-0a33-4ff8-8c9a-8c894739e1f4,712.98000000,0.90000000,sell
open,2018-08-03T01:25:44.849000Z,BCH-USD,5070107935,ff93ac62-ecd1-481b-bab4-d45e40e27a1f,712.99000000,4.50000000,sell
open,2018-08-03T01:25:44.853000Z,BCH-USD,5070107937,716c004e-f1dc-4206-b7e7-5a9d1c9de693,710.03000000,3.78069100,buy
open,2018-08-03T01:25:44.859000Z,BCH-USD,5070107940,cf9f59c1-76e6-462c-a515-2545d33242bb,712.99000000,0.90000000,sell
open,2018-08-03T01:25:44.869000Z,BCH-USD,5070107942,f410dc6f-ac4a-4e3b-bb70-6c43f8aab8c8,710.01000000,3.78069100,buy
open,2018-08-03T01:25:44.871000Z,BCH-USD,5070107944,9eeed18d-762c-40f1-8c4b-e819c416bafc,712.99000000,1.90000000,sell
open,2018-08-03T01:25:44.881000Z,BCH-USD,5070107951,92bdc2c4-b9a7-4ea7-a3c6-cab450e831b0,712.98000000,0.90000000,sell
open,2018-08-03T01:25:44.884000Z,BCH-USD,5070107953,1777aab3-3576-4257-9708-f2566bf59616,710.02000000,3.78069100,buy
open,2018-08-03T01:25:44.890000Z,BCH-USD,5070107957,1771fc5b-e44c-4914-85e3-b24320d84e04,723.79000000,0.28421000,sell
open,2018-08-03T01:25:44.898000Z,BCH-USD,5070107960,f5ec02c4-fab9-4a9b-b646-e819053f3242,712.98000000,1.90000000,sell
open,2018-08-03T01:25:44.898000Z,BCH-USD,5070107962,fbd3544a-c724-4687-8260-a33a01da7733,710.01000000,3.78069100,buy
open,2018-08-03T01:25:44.902000Z,BCH-USD,5070107965,296efed9-80dd-4358-93de-2bb76ae58a17,712.98000000,4.50000000,sell
open,2018-08-03T01:25:44.907000Z,BCH-USD,5070107968,9c9a5238-6f3f-404b-b884-7cd1ee925269,712.99000000,0.90000000,sell
open,2018-08-03T01:25:44.915000Z,BCH-USD,5070107971,78203fa5-14dc-44f8-b3f0-e0f3c07c00dd,712.99000000,1.90000000,sell
open,2018-08-03T01:25:44.921000Z,BCH-USD,5070107974,848d8331-2e6d-4eab-a5a4-e40f10bffa47,712.97000000,0.90000000,sell
open,2018-08-03T01:25:44.925000Z,BCH-USD,5070107976,c5771d8e-4b14-4a7b-a2bd-8b37ad799e27,712.12000000,0.70720000,sell
open,2018-08-03T01:25:44.937000Z,BCH-USD,5070107979,739440ad-c3e6-41a6-9818-cedd9f6b2029,712.97000000,4.50000000,sell
open,2018-08-03T01:25:44.945000Z,BCH-USD,5070107983,43201217-3bab-4729-97e1-3d24600ecbed,712.99000000,0.90000000,sell
open,2018-08-03T01:25:44.949000Z,BCH-USD,5070107985,52f70982-23e6-4957-af5b-5ddcee20ab66,712.99000000,4.50000000,sell
open,2018-08-03T01:25:44.963000Z,BCH-USD,5070107989,68defd2f-dfbc-4b90-bd2c-8c5a65a54559,712.98000000,4.50000000,sell
open,2018-08-03T01:25:44.977000Z,BCH-USD,5070107992,f66e4515-4f53-4bc9-bc0e-6ca28e23bc96,710.03000000,3.78069100,buy
open,2018-08-03T01:25:44.993000Z,BCH-USD,5070107996,d860b264-edde-4284-b733-f5a459874d8e,712.97000000,1.90000000,sell
open,2018-08-03T01:25:45.003000Z,BCH-USD,5070107998,58642014-1a59-4c87-a86e-1054c29246ea,710.01000000,3.78069100,buy
open,2018-08-03T01:25:45.045000Z,BCH-USD,5070108003,8900209b-3379-47a3-b90a-58b9850e2393,711.00000000,2.00000000,buy
open,2018-08-03T01:25:45.062000Z,BCH-USD,5070108007,1bdc4397-68f3-4130-91e9-2602f9a8fc4a,714.82000000,11.72000000,sell
open,2018-08-03T01:25:45.066000Z,BCH-USD,5070108009,8690e2a3-dd85-4ef4-bdd9-12146353d137,710.02000000,3.78069100,buy
open,2018-08-03T01:25:45.069000Z,BCH-USD,5070108011,5e61b0a1-492b-4fee-b5e6-0da0564996e5,712.99000000,4.50000000,sell
open,2018-08-03T01:25:45.071000Z,BCH-USD,5070108013,bd5485cb-a83b-420a-8442-ce84a5ae888e,712.98000000,0.90000000,sell
open,2018-08-03T01:25:45.072000Z,BCH-USD,5070108015,8e1f0b64-6be5-43ee-b4ab-7e9bc4209498,712.12000000,0.70720000,sell
open,2018-08-03T01:25:45.082000Z,BCH-USD,5070108019,2164cca2-906c-48d9-b261-8e2ecf127ef4,712.99000000,1.90000000,sell
open,2018-08-03T01:25:45.085000Z,BCH-USD,5070108021,d860eaba-811b-42a8-8b80-e783b9e15a4f,712.98000000,4.50000000,sell
open,2018-08-03T01:25:45.100000Z,BCH-USD,5070108024,26d1cb3c-baad-4f58-a632-f2030d31fb63,712.99000000,4.50000000,sell
open,2018-08-03T01:25:45.108000Z,BCH-USD,5070108028,f03343b4-5451-454a-8fdb-c765be5ddc86,710.03000000,3.78069100,buy
open,2018-08-03T01:25:45.148000Z,BCH-USD,5070108031,85057434-7cd3-4f8f-b27a-f1a6c6fc0981,712.98000000,4.50000000,sell
open,2018-08-03T01:25:45.155000Z,BCH-USD,5070108036,42483828-b8c8-4af0-afb7-0702bb367116,710.01000000,3.78069100,buy
open,2018-08-03T01:25:45.180000Z,BCH-USD,5070108042,aae57f35-74c3-450e-a7d4-0620ff571304,712.99000000,0.90000000,sell
open,2018-08-03T01:25:45.198000Z,BCH-USD,5070108048,f58cf61b-2612-44df-bfff-e7f133131bf8,712.98000000,1.90000000,sell
open,2018-08-03T01:25:45.213000Z,BCH-USD,5070108050,e3b9f490-d067-4155-bfbf-8ccbf7f22914,712.99000000,4.50000000,sell
open,2018-08-03T01:25:45.224000Z,BCH-USD,5070108052,8386c1cd-fcc6-4337-a7a1-aa77f0c8d1f7,708.50000000,0.23479500,buy
open,2018-08-03T01:25:45.224000Z,BCH-USD,5070108054,99b6cf0f-d7b6-492a-a4eb-d2f19f3f6ab2,710.02000000,3.78069100,buy
open,2018-08-03T01:25:45.237000Z,BCH-USD,5070108058,892646a0-9ba4-4d30-8cc5-f13be4e72c90,712.98000000,4.50000000,sell
open,2018-08-03T01:25:45.238000Z,BCH-USD,5070108060,107f815c-e0b5-471e-bfbc-65b72ff9ffa2,708.08000000,0.31379000,buy
open,2018-08-03T01:25:45.242000Z,BCH-USD,5070108062,1289e06d-91e0-42b6-ba06-a8f89fd38ad9,710.01000000,3.78069100,buy
open,2018-08-03T01:25:45.255000Z,BCH-USD,5070108064,6256c43b-c759-4f2d-883d-b20e7f893bff,707.87000000,0.40806900,buy
open,2018-08-03T01:25:45.270000Z,BCH-USD,5070108068,05a0f18b-9089-470d-ae74-ae45f4b6a018,706.19000000,1.93252500,buy
open,2018-08-03T01:25:45.272000Z,BCH-USD,5070108070,5031583a-b560-48f8-bdb4-08e75d2bf2b7,712.99000000,1.90000000,sell
open,2018-08-03T01:25:45.276000Z,BCH-USD,5070108072,3135f9af-4b24-4b08-a8bd-fc0416d5cac9,712.99000000,4.50000000,sell
open,2018-08-03T01:25:45.285000Z,BCH-USD,5070108075,e5badbe1-aa16-471a-86ef-1875fa6da13a,713.19000000,0.18815200,sell
open,2018-08-03T01:25:45.296000Z,BCH-USD,5070108078,98847a71-4564-402a-9282-1192722fdade,714.45000000,1.61802000,sell
open,2018-08-03T01:25:45.299000Z,BCH-USD,5070108080,152d1ea9-b12d-43d9-8c6a-03ec1fbb20a9,712.98000000,0.90000000,sell
open,2018-08-03T01:25:45.308000Z,BCH-USD,5070108082,0be2f33a-6284-4ed7-a2c5-751ca7607c0c,714.66000000,1.73965200,sell
open,2018-08-03T01:25:45.355000Z,BCH-USD,5070108085,0712ecbc-b2b5-4934-a5d6-d42ea6177af3,714.82000000,12.00000000,sell
open,2018-08-03T01:25:45.361000Z,BCH-USD,5070108087,ba129d54-7f37-476f-a23b-31679c679e28,711.00000000,2.00000000,buy
open,2018-08-03T01:25:45.396000Z,BCH-USD,5070108090,3a6e3ed6-0d77-4703-a66d-bd353c4098f7,711.10000000,2.00000000,buy
open,2018-08-03T01:25:45.434000Z,BCH-USD,5070108097,d6187bc9-52ec-4b2d-a85a-d8f1894618f6,710.02000000,3.78069100,buy
open,2018-08-03T01:25:45.437000Z,BCH-USD,5070108100,f2e57b89-0b6d-4ad0-ab53-acea4aab83b7,712.97000000,4.50000000,sell
open,2018-08-03T01:25:45.441000Z,BCH-USD,5070108103,a35f24c5-6e58-486f-aae8-aa4c474203db,712.99000000,0.90000000,sell
open,2018-08-03T01:25:45.445000Z,BCH-USD,5070108106,ccb1be66-2b32-482c-b413-d397180373a2,713.29000000,1.90000000,sell
open,2018-08-03T01:25:45.445000Z,BCH-USD,5070108108,2176162e-45e7-4c6f-a1fb-549bff3973cc,712.97000000,1.90000000,sell
open,2018-08-03T01:25:45.449000Z,BCH-USD,5070108110,d348b5de-606f-48b8-bc5d-11f96a3c81fe,712.98000000,4.50000000,sell
open,2018-08-03T01:25:45.458000Z,BCH-USD,5070108113,d99f16c0-4ea1-44f8-909c-2d76105a8af8,711.10000000,2.00000000,buy
open,2018-08-03T01:25:45.462000Z,BCH-USD,5070108115,cda8cfc5-7be6-4d01-b72c-e44891ad603e,712.98000000,1.90000000,sell
open,2018-08-03T01:25:45.462000Z,BCH-USD,5070108117,b2d6874f-ed47-4344-b375-e887a8eb94f1,712.12000000,0.70720000,sell
open,2018-08-03T01:25:45.476000Z,BCH-USD,5070108123,98b4d7c6-f1c0-40df-9b64-341697b2cde5,713.06000000,1.90000000,sell
open,2018-08-03T01:25:45.480000Z,BCH-USD,5070108126,1f485300-717d-4a33-a1e4-c2ebfc63ccc6,712.98000000,0.90000000,sell
open,2018-08-03T01:25:45.480000Z,BCH-USD,5070108128,3e95b857-5948-4810-be23-61d8c5e7dd79,712.99000000,4.50000000,sell
open,2018-08-03T01:25:45.482000Z,BCH-USD,5070108130,b7557ba3-232c-403c-8a3b-32a15b8f4524,712.99000000,1.90000000,sell
open,2018-08-03T01:25:45.490000Z,BCH-USD,5070108136,d482ec88-c454-44ff-91c4-db0dd57d7511,710.03000000,3.78069100,buy
open,2018-08-03T01:25:45.498000Z,BCH-USD,5070108139,6a1cbe89-090c-43d1-a373-cd21d2bc7aaf,712.97000000,0.90000000,sell
open,2018-08-03T01:25:45.504000Z,BCH-USD,5070108141,92941f96-be4b-4200-9207-e2544ddb7824,712.98000000,4.50000000,sell
open,2018-08-03T01:25:45.507000Z,BCH-USD,5070108144,a4409765-44ab-45ae-9210-4e2c680c61ee,710.01000000,3.78069100,buy
open,2018-08-03T01:25:45.507000Z,BCH-USD,5070108146,f9ec0d12-e2ba-4ad5-be19-3436bc82d17f,713.29000000,1.90000000,sell
open,2018-08-03T01:25:45.511000Z,BCH-USD,5070108149,319343a9-f15b-4d34-ba66-026dc5ed3c3f,712.99000000,0.90000000,sell
open,2018-08-03T01:25:45.519000Z,BCH-USD,5070108152,16676f63-f2a7-4190-a5f7-905ecec6811e,712.98000000,1.90000000,sell
open,2018-08-03T01:25:45.525000Z,BCH-USD,5070108155,2f4befcf-6310-4deb-a562-44b6eebc1462,712.99000000,4.50000000,sell
open,2018-08-03T01:25:45.534000Z,BCH-USD,5070108159,0635286b-5b65-4b29-86d1-57554fdd7b9a,710.02000000,3.78069100,buy
open,2018-08-03T01:25:45.541000Z,BCH-USD,5070108164,7c1ae586-4f38-4f26-bbee-19e958370932,713.06000000,1.90000000,sell
open,2018-08-03T01:25:45.542000Z,BCH-USD,5070108166,0526ae10-a7ea-46aa-ad15-2bfaa1277f0a,712.99000000,1.90000000,sell
open,2018-08-03T01:25:45.545000Z,BCH-USD,5070108168,ac0ea72e-e77c-4f81-a3ec-01cb14361ee0,711.00000000,2.00000000,buy
open,2018-08-03T01:25:45.553000Z,BCH-USD,5070108171,723dcf2e-96b5-4b27-aee8-aa743fbb04c5,712.98000000,0.90000000,sell
open,2018-08-03T01:25:45.556000Z,BCH-USD,5070108173,12e93405-1afe-4624-a30e-e67f8b7a09c3,713.29000000,1.90000000,sell
open,2018-08-03T01:25:45.561000Z,BCH-USD,5070108177,82b147ea-b629-4b0e-8818-393d567dcd18,712.98000000,4.50000000,sell
open,2018-08-03T01:25:45.576000Z,BCH-USD,5070108180,4bfeadbc-3f73-4956-ad42-7986bfd47422,711.10000000,2.00000000,buy
open,2018-08-03T01:25:45.608000Z,BCH-USD,5070108186,c5f0043c-2169-45e3-8fde-4444b8c7a5b8,710.01000000,3.78069100,buy
open,2018-08-03T01:25:45.615000Z,BCH-USD,5070108188,3a8408ec-b37b-4f9c-970d-6f2bf20a8e38,712.98000000,1.90000000,sell
open,2018-08-03T01:25:45.623000Z,BCH-USD,5070108191,a9b6115f-8505-4f6c-8dc5-5359e3989caa,711.10000000,2.00000000,buy
open,2018-08-03T01:25:45.629000Z,BCH-USD,5070108193,90b0f814-1402-4e02-8be0-581e06501fe3,712.99000000,0.90000000,sell
open,2018-08-03T01:25:45.631000Z,BCH-USD,5070108196,67a380c7-4e2a-4652-ad35-3261e30ad8c4,712.99000000,4.50000000,sell
open,2018-08-03T01:25:45.638000Z,BCH-USD,5070108198,69b80b26-e5c9-4624-94da-adc1d72d47bd,710.02000000,3.78069100,buy
open,2018-08-03T01:25:45.642000Z,BCH-USD,5070108202,0ddc019c-f0e7-40b2-833a-43a111250b67,712.99000000,1.90000000,sell
open,2018-08-03T01:25:45.645000Z,BCH-USD,5070108205,6d3823cb-572f-422a-93e9-cd1a94e6b4d1,713.06000000,1.90000000,sell
open,2018-08-03T01:25:45.651000Z,BCH-USD,5070108208,aa7e62f3-cc7e-4c0d-91eb-02398415f057,712.98000000,0.90000000,sell
open,2018-08-03T01:25:45.652000Z,BCH-USD,5070108210,154f6078-75eb-46c9-8d0d-5aed83fb4afe,712.98000000,4.50000000,sell
open,2018-08-03T01:25:45.663000Z,BCH-USD,5070108215,008198c4-5500-4fda-b205-9c665601a9f0,710.01000000,3.78069100,buy
open,2018-08-03T01:25:45.667000Z,BCH-USD,5070108217,ebdd988b-b9ab-41e8-a374-f91bce41049f,713.29000000,1.90000000,sell
open,2018-08-03T01:25:45.668000Z,BCH-USD,5070108219,de264dd8-70d8-4e38-bbd8-72626c348cf4,712.99000000,4.50000000,sell
open,2018-08-03T01:25:45.676000Z,BCH-USD,5070108222,f63471c8-7115-4e12-9c43-450debe181c3,712.99000000,0.90000000,sell
open,2018-08-03T01:25:45.683000Z,BCH-USD,5070108224,26226982-8bc5-429d-b43f-cc13a8bacb26,712.97000000,1.90000000,sell
open,2018-08-03T01:25:45.686000Z,BCH-USD,5070108226,af0c8755-80c4-4f2f-9988-0a59109fe33b,710.02000000,3.78069100,buy
open,2018-08-03T01:25:45.693000Z,BCH-USD,5070108232,f3b9e725-1229-42c0-a9a3-19cea1f7941d,712.98000000,1.90000000,sell
open,2018-08-03T01:25:45.694000Z,BCH-USD,5070108234,238a19eb-18ab-445e-b7e7-7960c5aafec9,712.98000000,0.90000000,sell
open,2018-08-03T01:25:45.698000Z,BCH-USD,5070108237,b4d8e2c8-9f85-4e09-9aa2-d9c6f6872114,713.06000000,1.90000000,sell
open,2018-08-03T01:25:45.701000Z,BCH-USD,5070108240,989dfd23-67f8-4e84-9591-af69594bf794,710.01000000,3.78069100,buy
open,2018-08-03T01:25:45.709000Z,BCH-USD,5070108243,4b5d41e3-9296-457a-89f0-8a8fa00d0ad7,712.98000000,4.50000000,sell
open,2018-08-03T01:25:45.718000Z,BCH-USD,5070108250,24035d7f-82c7-4cee-b609-7d4766ad68f0,712.99000000,1.90000000,sell
open,2018-08-03T01:25:45.723000Z,BCH-USD,5070108252,d6f22fdb-19f1-49c0-a7c5-90fd6644f192,712.97000000,4.50000000,sell
open,2018-08-03T01:25:45.725000Z,BCH-USD,5070108254,f563c84d-e79d-4e8e-b967-6ac0d73e1887,713.29000000,1.90000000,sell
open,2018-08-03T01:25:45.726000Z,BCH-USD,5070108257,8fa85097-4341-47a5-89c2-911b78a744be,712.99000000,0.90000000,sell
open,2018-08-03T01:25:45.732000Z,BCH-USD,5070108259,d7160853-84a1-4649-a18e-5a4dc60ce559,704.38000000,7.23430000,buy
open,2018-08-03T01:25:45.734000Z,BCH-USD,5070108262,c3edf45d-530e-49ef-99fb-fd242b302f5b,710.02000000,3.78069100,buy
open,2018-08-03T01:25:45.735000Z,BCH-USD,5070108264,4d57d178-ba5c-4845-9482-3bf85e2533ed,710.59000000,0.90000000,buy
open,2018-08-03T01:25:45.739000Z,BCH-USD,5070108267,e6e48bca-66ef-4046-8457-15551a8b9b5e,713.06000000,1.90000000,sell
open,2018-08-03T01:25:45.744000Z,BCH-USD,5070108269,0fec17a7-c2fb-4982-9057-131704c317b3,712.99000000,4.50000000,sell
open,2018-08-03T01:25:45.751000Z,BCH-USD,5070108272,979a3156-24ac-41cd-9576-d2bab70baccd,710.01000000,3.78069100,buy
open,2018-08-03T01:25:45.755000Z,BCH-USD,5070108276,db3bc4f7-6412-4f0a-a086-992ce1e26c99,713.29000000,1.90000000,sell
open,2018-08-03T01:25:45.763000Z,BCH-USD,5070108280,e0534e81-38fd-49ff-9e02-7e2aa40fb047,712.98000000,0.90000000,sell
open,2018-08-03T01:25:45.765000Z,BCH-USD,5070108282,6938bd9d-ba12-442f-aa9b-6c056442d82a,712.98000000,1.90000000,sell
open,2018-08-03T01:25:45.770000Z,BCH-USD,5070108286,65ab1285-01b8-4371-b7e6-c6d070f17422,713.06000000,1.90000000,sell
open,2018-08-03T01:25:45.771000Z,BCH-USD,5070108290,32c00550-c936-4955-9f6e-508cacd714b7,710.02000000,3.78069100,buy
open,2018-08-03T01:25:45.779000Z,BCH-USD,5070108295,2714deed-5f20-41f4-bc2a-7be8740a826f,712.99000000,1.90000000,sell
open,2018-08-03T01:25:45.779000Z,BCH-USD,5070108297,300a8af3-370a-4365-b401-a308f60bcf60,712.99000000,0.90000000,sell
open,2018-08-03T01:25:45.782000Z,BCH-USD,5070108299,c5dff334-85d7-4e49-9a8c-502cd95daf43,712.98000000,4.50000000,sell
open,2018-08-03T01:25:45.785000Z,BCH-USD,5070108301,d270bce6-23b7-4d2b-ac1d-bab39ced466e,713.29000000,1.90000000,sell
open,2018-08-03T01:25:45.787000Z,BCH-USD,5070108304,5f5e9302-8598-4912-92e8-4a7a1bab3759,710.01000000,3.78069100,buy
open,2018-08-03T01:25:45.799000Z,BCH-USD,5070108313,5ae5966b-dd14-4788-9669-417c7dd5d10f,712.99000000,4.50000000,sell
open,2018-08-03T01:25:45.802000Z,BCH-USD,5070108315,5d434483-8538-463f-8732-425ae0a680ac,712.56000000,10.50400000,sell
open,2018-08-03T01:25:45.805000Z,BCH-USD,5070108317,c0716484-9bed-4eba-9b18-1d9132fa8195,710.91000000,10.41400000,buy
open,2018-08-03T01:25:45.806000Z,BCH-USD,5070108319,eff11849-5d0a-4441-9579-8555d1670a47,712.98000000,1.90000000,sell
open,2018-08-03T01:25:45.807000Z,BCH-USD,5070108321,d3abe936-c6ce-4c28-8beb-ee1bf9e8bda7,707.76000000,20.00000000,buy
open,2018-08-03T01:25:45.808000Z,BCH-USD,5070108323,962b1cce-1cd7-478b-9814-b18eafb6b800,712.98000000,0.90000000,sell
open,2018-08-03T01:25:45.811000Z,BCH-USD,5070108325,2bebc7b0-7737-479a-bf9d-abb0566fade5,710.40000000,0.90000000,buy
open,2018-08-03T01:25:45.811000Z,BCH-USD,5070108327,15d7dbd0-8f11-4ea3-ad60-e0ee76dc1a1d,713.06000000,1.90000000,sell
open,2018-08-03T01:25:45.817000Z,BCH-USD,5070108333,98b4561a-f7be-420e-ab4c-17e8e357427d,710.02000000,3.78069100,buy
open,2018-08-03T01:25:45.822000Z,BCH-USD,5070108336,764c3b37-849b-4e53-a8dc-98164bd8a6c7,712.99000000,1.90000000,sell
open,2018-08-03T01:25:45.823000Z,BCH-USD,5070108338,f2fb4f65-ac24-4065-8b68-fe4cfb1c9599,712.99000000,0.90000000,sell
open,2018-08-03T01:25:45.825000Z,BCH-USD,5070108340,0962b278-7279-4812-9f9f-90cdbb5e0c67,713.29000000,1.90000000,sell
open,2018-08-03T01:25:45.826000Z,BCH-USD,5070108342,7ed1838d-ca7c-4f70-81c2-f58b0c98f715,712.55000000,0.90000000,sell
open,2018-08-03T01:25:45.829000Z,BCH-USD,5070108344,f65f016b-1ef9-47b7-9596-83bc02458669,710.01000000,3.78069100,buy
open,2018-08-03T01:25:45.839000Z,BCH-USD,5070108351,b70cae84-2609-4061-abe9-20ea84322011,712.98000000,4.50000000,sell
open,2018-08-03T01:25:45.841000Z,BCH-USD,5070108353,6da07e97-ef7b-4ba0-9cf6-d080b7b04cdc,712.98000000,0.90000000,sell
open,2018-08-03T01:25:45.847000Z,BCH-USD,5070108358,44894e55-ce22-4644-b1c5-084fc9eec311,713.06000000,1.90000000,sell
open,2018-08-03T01:25:45.853000Z,BCH-USD,5070108360,c70ad8f6-b84b-4d26-be47-031e0a1cc4cd,710.02000000,3.78069100,buy
open,2018-08-03T01:25:45.856000Z,BCH-USD,5070108363,11667c72-ffa7-4010-b59d-fb0f35413a1b,710.91000000,0.90000000,buy
open,2018-08-03T01:25:45.860000Z,BCH-USD,5070108365,2a769340-ae59-46d1-9b9e-63f4626a0ba9,712.99000000,0.90000000,sell
open,2018-08-03T01:25:45.868000Z,BCH-USD,5070108367,f46ae8d4-c89d-4c0e-8d57-60f871f3b00a,713.29000000,1.90000000,sell
open,2018-08-03T01:25:45.873000Z,BCH-USD,5070108370,7e3cc722-1d82-4654-8f29-2db82ef0a241,712.99000000,4.50000000,sell
open,2018-08-03T01:25:45.883000Z,BCH-USD,5070108372,01729ec2-a8bc-412a-ad47-49a00cacb7e9,712.98000000,1.90000000,sell
open,2018-08-03T01:25:45.895000Z,BCH-USD,5070108378,aeccc394-1f09-486b-8231-95bbf758d6f8,713.06000000,1.90000000,sell
open,2018-08-03T01:25:45.899000Z,BCH-USD,5070108381,a9bf1d4a-d4ef-446c-8afd-6299ba92daab,710.03000000,3.78069100,buy
open,2018-08-03T01:25:45.904000Z,BCH-USD,5070108386,858a3a2b-077a-4a8d-b866-199101e34237,712.98000000,4.50000000,sell
open,2018-08-03T01:25:45.907000Z,BCH-USD,5070108388,3094fecc-f48c-42aa-a138-4a36b56cff87,712.98000000,0.90000000,sell
open,2018-08-03T01:25:45.909000Z,BCH-USD,5070108390,3e476df0-da2c-4b86-9b83-ac48d2040155,713.29000000,1.90000000,sell
open,2018-08-03T01:25:45.912000Z,BCH-USD,5070108394,8fa81787-4637-4d80-a76e-1a000c0d9ef6,712.99000000,1.90000000,sell
open,2018-08-03T01:25:45.915000Z,BCH-USD,5070108396,15c41a60-6ad4-43d1-a32b-577551600aab,710.01000000,3.78069100,buy
open,2018-08-03T01:25:45.919000Z,BCH-USD,5070108398,07923dbc-e0e1-424a-9418-ab5c873a8110,712.99000000,0.90000000,sell
open,2018-08-03T01:25:45.920000Z,BCH-USD,5070108400,4b55724c-66a6-42d4-ba84-37ddff9d73da,711.22000000,2.00000000,buy
open,2018-08-03T01:25:45.923000Z,BCH-USD,5070108402,14b5282c-18ee-405d-8479-b3286bdb7835,712.50000000,0.70720000,sell
open,2018-08-03T01:25:45.926000Z,BCH-USD,5070108404,9d6c5ce2-735e-4d82-bd87-d88a2751df2c,712.99000000,4.50000000,sell
open,2018-08-03T01:25:45.927000Z,BCH-USD,5070108406,a1fdd77f-3b50-4168-bf34-0c51761a8abd,704.73000000,0.11586000,buy
open,2018-08-03T01:25:45.934000Z,BCH-USD,5070108411,81165cbc-8358-4e2d-8e90-0f966c0e6492,710.02000000,3.78069100,buy
open,2018-08-03T01:25:45.941000Z,BCH-USD,5070108414,17d4787d-64c1-42be-9865-6a6ad60ec83a,712.98000000,4.50000000,sell
open,2018-08-03T01:25:45.945000Z,BCH-USD,5070108416,b4e09aea-6cd7-43b3-956d-fa4710bd99f5,712.98000000,1.90000000,sell
open,2018-08-03T01:25:45.951000Z,BCH-USD,5070108420,41d8c21e-22ef-45c4-92cb-1a8a73471449,710.01000000,3.78069100,buy
open,2018-08-03T01:25:45.968000Z,BCH-USD,5070108425,08c12bcf-d436-44fb-8728-7a642d1313d5,711.10000000,2.00000000,buy
open,2018-08-03T01:25:45.980000Z,BCH-USD,5070108428,3daa2a72-6597-49f3-b29d-2581720524b3,712.50000000,0.70720000,sell
open,2018-08-03T01:25:45.983000Z,BCH-USD,5070108430,3c2c3187-f8fb-437e-aad8-5f4bc85340e6,711.22000000,2.00000000,buy
open,2018-08-03T01:25:46.006000Z,BCH-USD,5070108434,d1e0270d-641b-4a3d-a50a-031b698ba92e,712.97000000,1.90000000,sell
open,2018-08-03T01:25:46.009000Z,BCH-USD,5070108436,d059ea49-e663-4f4e-b230-9535501ff52e,712.99000000,4.50000000,sell
open,2018-08-03T01:25:46.013000Z,BCH-USD,5070108439,70b401c2-08c4-41c6-b267-e27463b9c3a2,710.02000000,3.78069100,buy
open,2018-08-03T01:25:46.019000Z,BCH-USD,5070108441,853906b6-761e-41ce-8570-deb083fd6240,712.99000000,1.90000000,sell
open,2018-08-03T01:25:46.030000Z,BCH-USD,5070108444,f10f8234-424f-4c68-b2ce-176a41140e11,710.01000000,3.78069100,buy
open,2018-08-03T01:25:46.033000Z,BCH-USD,5070108446,aa2afdd4-58a0-492d-8eab-9b207f9e45ad,712.50000000,0.70720000,sell
open,2018-08-03T01:25:46.045000Z,BCH-USD,5070108452,b8436157-cf37-417c-84b3-b4e3130bc199,712.98000000,4.50000000,sell
open,2018-08-03T01:25:46.052000Z,BCH-USD,5070108455,ffefbb75-c820-43db-9e77-7b138806cf95,710.02000000,3.78069100,buy
open,2018-08-03T01:25:46.057000Z,BCH-USD,5070108459,f9950bed-f993-44cf-8b2f-699ec7397ae6,712.98000000,0.90000000,sell
open,2018-08-03T01:25:46.059000Z,BCH-USD,5070108461,bd8af28d-460f-411c-89b2-e6ca67d09e8a,712.99000000,4.50000000,sell
open,2018-08-03T01:25:46.061000Z,BCH-USD,5070108463,be9c4e8c-d95d-4911-bc56-36e768fc65ce,713.06000000,1.90000000,sell
open,2018-08-03T01:25:46.066000Z,BCH-USD,5070108468,0335e619-bd9c-4c5f-8f40-3993824e8361,712.98000000,1.90000000,sell
open,2018-08-03T01:25:46.071000Z,BCH-USD,5070108470,15d1c9b2-2999-4f86-8b7b-b404d03dff91,708.44000000,11.97000000,buy
open,2018-08-03T01:25:46.072000Z,BCH-USD,5070108472,a0d57820-ba39-4e0d-9638-dbe0eea7b59a,719.42000000,8.44970000,sell
open,2018-08-03T01:25:46.078000Z,BCH-USD,5070108474,212e3885-3ac2-418f-9729-3f626644f03b,710.01000000,3.78069100,buy
open,2018-08-03T01:25:46.084000Z,BCH-USD,5070108477,56a22f1c-6867-45c9-b5b8-9cf9e22b3a17,712.98000000,4.50000000,sell
open,2018-08-03T01:25:46.090000Z,BCH-USD,5070108480,eea01003-9e16-4bf3-b7ae-ade7eba2502a,713.29000000,1.90000000,sell
open,2018-08-03T01:25:46.094000Z,BCH-USD,5070108482,51475000-b545-4d7b-bb39-c4b3847e5ac5,712.99000000,1.90000000,sell
open,2018-08-03T01:25:46.098000Z,BCH-USD,5070108485,44374549-824e-49e8-a37b-9b393472c5d9,712.99000000,4.50000000,sell
open,2018-08-03T01:25:46.103000Z,BCH-USD,5070108487,a0c2884f-cc52-42c2-bcd0-30c2ab0205b8,712.49000000,2.04203723,sell
open,2018-08-03T01:25:46.107000Z,BCH-USD,5070108491,7e3d0fd7-96d8-4165-82fc-3f52bbc07725,710.02000000,3.78069100,buy
open,2018-08-03T01:25:46.112000Z,BCH-USD,5070108493,41d81d6f-22f1-4751-8c7f-2ea4689dcef5,712.98000000,4.50000000,sell
open,2018-08-03T01:25:46.120000Z,BCH-USD,5070108497,51b230dc-d27d-48c6-bebb-dc3058a460af,712.98000000,1.90000000,sell
open,2018-08-03T01:25:46.131000Z,BCH-USD,5070108499,f6da9d44-14ad-4d3a-b92d-d6dd9f351ff6,710.01000000,3.78069100,buy
open,2018-08-03T01:25:46.146000Z,BCH-USD,5070108502,378076fd-7ed5-4366-9666-2ad0d9bd226a,712.99000000,4.50000000,sell
open,2018-08-03T01:25:46.148000Z,BCH-USD,5070108505,87c72e54-40a0-4baf-b04c-84530870f0d4,712.99000000,0.90000000,sell
open,2018-08-03T01:25:46.149000Z,BCH-USD,5070108507,56dd8f2a-bea6-421e-ba5e-4120dfe5c855,710.02000000,3.78069100,buy
open,2018-08-03T01:25:46.157000Z,BCH-USD,5070108511,64f209f4-cb11-44c1-aab4-6730260b0e3e,712.99000000,1.90000000,sell
open,2018-08-03T01:25:46.170000Z,BCH-USD,5070108518,a6fac1eb-cb1d-47c7-bddd-c1dfdbe14b81,713.06000000,1.90000000,sell
open,2018-08-03T01:25:46.173000Z,BCH-USD,5070108521,32f16ecc-e702-4884-8010-1a22d6e7202a,710.01000000,3.78069100,buy
open,2018-08-03T01:25:46.176000Z,BCH-USD,5070108524,45a3ea18-11fc-4486-aebc-bff200d64846,712.98000000,4.50000000,sell
open,2018-08-03T01:25:46.197000Z,BCH-USD,5070108531,f830bf44-f9ec-4917-8dc7-21c76ca29ada,713.29000000,1.90000000,sell
open,2018-08-03T01:25:46.200000Z,BCH-USD,5070108533,b38c3538-687b-4d74-94cc-e6906ae7c825,710.02000000,3.78069100,buy
open,2018-08-03T01:25:46.203000Z,BCH-USD,5070108535,d6f1d388-0378-4a5e-8a77-eb6f004f9911,712.99000000,4.50000000,sell
open,2018-08-03T01:25:46.207000Z,BCH-USD,5070108538,73621553-182f-4ef9-8046-c6192fc24544,712.98000000,0.90000000,sell
open,2018-08-03T01:25:46.211000Z,BCH-USD,5070108543,f4eb9512-fe4f-4471-b107-4ef9b0076192,708.50000000,0.35105300,buy
open,2018-08-03T01:25:46.213000Z,BCH-USD,5070108545,c41d43c3-ab61-400b-b9c8-abb7611f11fc,710.01000000,3.78069100,buy
open,2018-08-03T01:25:46.218000Z,BCH-USD,5070108547,57da991e-bd02-42fb-a3d6-b3b3f9ae9ef8,712.99000000,0.90000000,sell
open,2018-08-03T01:25:46.220000Z,BCH-USD,5070108549,a647276a-707b-4094-8895-3fdab9378884,712.98000000,4.50000000,sell
open,2018-08-03T01:25:46.224000Z,BCH-USD,5070108554,205e4c5b-c35d-4f1f-b51c-634a5c98de12,708.08000000,0.36421100,buy
open,2018-08-03T01:25:46.224000Z,BCH-USD,5070108556,db378050-d5d6-477b-824c-e5736d40ab3f,712.98000000,1.90000000,sell
open,2018-08-03T01:25:46.228000Z,BCH-USD,5070108558,3fbfcbf7-339c-400b-bea9-aedddcc72a22,710.02000000,3.78069100,buy
open,2018-08-03T01:25:46.232000Z,BCH-USD,5070108561,50557c05-cf93-4970-bbfc-07411d3d4a52,712.98000000,0.90000000,sell
open,2018-08-03T01:25:46.233000Z,BCH-USD,5070108563,09088517-5ec7-42a3-a374-ccc87f12bfb7,713.06000000,1.90000000,sell
open,2018-08-03T01:25:46.235000Z,BCH-USD,5070108565,60791a49-bc7d-4cd5-9660-e75800f44eee,707.87000000,0.71602800,buy
open,2018-08-03T01:25:46.242000Z,BCH-USD,5070108568,b2c66c25-44df-4436-8ba1-7fc80b0d77d5,712.99000000,1.90000000,sell
open,2018-08-03T01:25:46.245000Z,BCH-USD,5070108570,a8154a55-41c2-40ae-9c66-33a2067560c7,713.29000000,1.90000000,sell
open,2018-08-03T01:25:46.254000Z,BCH-USD,5070108575,19f416cc-8d76-42cd-946e-addde9de1669,706.19000000,1.45663900,buy
open,2018-08-03T01:25:46.257000Z,BCH-USD,5070108577,24caf3e1-c6f9-43bc-b5f2-224764d90b55,712.97000000,1.90000000,sell
open,2018-08-03T01:25:46.258000Z,BCH-USD,5070108579,0a99e469-7591-46c4-96c0-3cca0dfd4afd,713.06000000,1.90000000,sell
open,2018-08-03T01:25:46.261000Z,BCH-USD,5070108581,3985da5f-9507-44fd-a189-47d719023435,712.97000000,4.50000000,sell
open,2018-08-03T01:25:46.271000Z,BCH-USD,5070108588,2b648a01-915d-4f63-bf56-597fd031a845,712.99000000,1.90000000,sell
open,2018-08-03T01:25:46.272000Z,BCH-USD,5070108590,914fec75-a6fa-4972-bd16-c9837500b629,713.19000000,0.15574900,sell
open,2018-08-03T01:25:46.273000Z,BCH-USD,5070108592,fb151604-0a0f-4223-9cdd-ac36a60df7fd,713.29000000,1.90000000,sell
open,2018-08-03T01:25:46.276000Z,BCH-USD,5070108594,2cdc9ce7-ef9e-4de0-823a-bf73c3bf25e9,712.99000000,4.50000000,sell
open,2018-08-03T01:25:46.277000Z,BCH-USD,5070108596,d4c959df-51b3-4fca-ac9c-7cba2b55c651,712.99000000,0.90000000,sell
open,2018-08-03T01:25:46.287000Z,BCH-USD,5070108602,78bd57d0-3ed9-43bf-84b9-b201579e4007,710.03000000,3.78069100,buy
open,2018-08-03T01:25:46.291000Z,BCH-USD,5070108606,f27b5cbc-83aa-405a-87aa-602f36cd456c,713.06000000,1.90000000,sell
open,2018-08-03T01:25:46.293000Z,BCH-USD,5070108608,df7e011f-4f2f-4acf-94b2-521c81038bf4,712.98000000,0.90000000,sell
open,2018-08-03T01:25:46.293000Z,BCH-USD,5070108610,9d1a88ce-bbe9-498b-beda-59ec050e8801,712.98000000,1.90000000,sell
open,2018-08-03T01:25:46.296000Z,BCH-USD,5070108612,68a87e31-ae31-45bb-96c6-e0b7158cc5b3,712.98000000,4.50000000,sell
open,2018-08-03T01:25:46.297000Z,BCH-USD,5070108614,b5345d62-9004-4da5-9e58-dd5b3dd0d8c3,714.45000000,1.40181500,sell
open,2018-08-03T01:25:46.304000Z,BCH-USD,5070108620,8f70c89f-8e86-4fa4-bd5f-4cddc63697be,711.22000000,2.00000000,buy
open,2018-08-03T01:25:46.305000Z,BCH-USD,5070108622,b60faac3-d9b8-41aa-8e34-2772fc4758f5,713.29000000,1.90000000,sell
open,2018-08-03T01:25:46.307000Z,BCH-USD,5070108625,514c638c-2733-40e2-838c-04699e782f83,712.99000000,1.90000000,sell
open,2018-08-03T01:25:46.310000Z,BCH-USD,5070108627,39f77ba3-9126-4ef2-baf2-7d0d2b6f5499,712.99000000,4.50000000,sell
open,2018-08-03T01:25:46.311000Z,BCH-USD,5070108630,f6e56b2f-42a2-475f-822c-8219e7c4797a,714.66000000,1.98826000,sell
open,2018-08-03T01:25:46.316000Z,BCH-USD,5070108632,f8f7617a-3f8c-4a4e-981a-0ffd5f2e652b,712.99000000,0.90000000,sell
open,2018-08-03T01:25:46.318000Z,BCH-USD,5070108636,34f76614-db80-4f8e-a79b-6151a6c02dc7,710.04000000,3.78069100,buy
open,2018-08-03T01:25:46.318000Z,BCH-USD,5070108638,1324dd9f-5562-4513-a67d-a249b1c29104,714.82000000,10.28000000,sell
open,2018-08-03T01:25:46.326000Z,BCH-USD,5070108642,170b3ce2-3113-48a7-8bac-08ca2a6df782,713.06000000,1.90000000,sell
open,2018-08-03T01:25:46.328000Z,BCH-USD,5070108644,6801113f-9a24-4c2a-993c-2247d9d45995,712.98000000,4.50000000,sell
open,2018-08-03T01:25:46.329000Z,BCH-USD,5070108646,200f9513-addf-4ebf-8dae-5a6b78b35a83,712.98000000,0.90000000,sell
open,2018-08-03T01:25:46.331000Z,BCH-USD,5070108648,c3f4b343-791e-40c7-ae3b-78de69273f77,712.98000000,1.90000000,sell
open,2018-08-03T01:25:46.344000Z,BCH-USD,5070108654,141406c2-5e9f-4d97-ac56-90ac5120892c,713.29000000,1.90000000,sell
open,2018-08-03T01:25:46.349000Z,BCH-USD,5070108656,7f242816-f228-4ca4-bae3-a8eb492d9cce,712.99000000,0.90000000,sell
open,2018-08-03T01:25:46.353000Z,BCH-USD,5070108659,6ca062f4-b7b2-4bdf-801f-44a844bc7f94,712.99000000,1.90000000,sell
open,2018-08-03T01:25:46.356000Z,BCH-USD,5070108661,7d043fc5-172a-45fc-8ada-a7c1bf161ea5,712.99000000,4.50000000,sell
open,2018-08-03T01:25:46.360000Z,BCH-USD,5070108663,473df0db-79d5-4f08-9d34-b097a36b0a19,710.05000000,3.78069100,buy
open,2018-08-03T01:25:46.363000Z,BCH-USD,5070108665,e7cdb43e-e53b-403a-90cc-e76dee30e5b1,712.49000000,0.70720000,sell
open,2018-08-03T01:25:46.370000Z,BCH-USD,5070108670,62f52da5-79bb-453f-ad2b-22da32a705d2,710.01000000,3.78069100,buy
open,2018-08-03T01:25:46.374000Z,BCH-USD,5070108672,77eb5ffd-13be-4f36-8160-32144b7b2fe3,712.98000000,4.50000000,sell
open,2018-08-03T01:25:46.381000Z,BCH-USD,5070108678,7e3b4210-7432-44b5-b74c-965f36759010,713.06000000,1.90000000,sell
open,2018-08-03T01:25:46.385000Z,BCH-USD,5070108681,a1c68a3e-e0cf-4d85-95e2-fb3cf0a69f37,712.98000000,0.90000000,sell
open,2018-08-03T01:25:46.389000Z,BCH-USD,5070108683,6c05a007-5bf8-4fa3-95e3-73bb7c721d4b,712.98000000,1.90000000,sell
open,2018-08-03T01:25:46.394000Z,BCH-USD,5070108687,15243e1c-7598-4b9e-8dbd-8e98d4f47da2,710.02000000,3.78069100,buy
open,2018-08-03T01:25:46.401000Z,BCH-USD,5070108690,a8c9038a-23a8-4e7d-91fa-fbc0c1a1231a,712.99000000,4.50000000,sell
open,2018-08-03T01:25:46.402000Z,BCH-USD,5070108692,94bd9b36-1b3b-477e-b6c9-ac8e1366e038,713.29000000,1.90000000,sell
open,2018-08-03T01:25:46.405000Z,BCH-USD,5070108694,5636d32f-9e33-4f7b-a14b-83c400e942eb,712.99000000,0.90000000,sell
open,2018-08-03T01:25:46.529000Z,BCH-USD,5070108699,25d1416d-ca89-4e80-b8ee-6897fcc21a8a,712.99000000,1.90000000,sell
open,2018-08-03T01:25:46.537000Z,BCH-USD,5070108701,9ebbdda1-6b97-4615-a8e2-4b8b8b3f0590,713.06000000,1.90000000,sell
open,2018-08-03T01:25:46.537000Z,BCH-USD,5070108703,73a68919-880b-4d21-9620-2c798db39648,710.01000000,3.78069100,buy
open,2018-08-03T01:25:46.538000Z,BCH-USD,5070108705,24a9c90f-22e8-4cbf-810e-545c07b67bf2,712.98000000,0.90000000,sell
open,2018-08-03T01:25:46.546000Z,BCH-USD,5070108710,16aeda16-9e41-4221-9788-c0d4dd05a669,712.98000000,4.50000000,sell
open,2018-08-03T01:25:46.548000Z,BCH-USD,5070108712,be82e899-f968-448e-ac53-1c753d0963be,713.29000000,1.90000000,sell
open,2018-08-03T01:25:46.552000Z,BCH-USD,5070108715,24b24235-097a-4920-826b-27328b6ec7a6,712.99000000,0.90000000,sell
open,2018-08-03T01:25:46.552000Z,BCH-USD,5070108717,c15c6767-958a-4ced-ad98-71b67b5bb711,710.02000000,3.78069100,buy
open,2018-08-03T01:25:46.559000Z,BCH-USD,5070108720,2fa01ba1-f92a-4b72-bd20-f2a198ae1417,712.99000000,4.50000000,sell
open,2018-08-03T01:25:46.566000Z,BCH-USD,5070108723,7903a5b4-df1e-42b2-adce-03d202eb06c3,712.98000000,1.90000000,sell
open,2018-08-03T01:25:46.571000Z,BCH-USD,5070108727,a2a96d67-bd34-4a82-a70f-3cd6803d0ef0,710.01000000,3.78069100,buy
open,2018-08-03T01:25:46.578000Z,BCH-USD,5070108730,936e0884-e0b2-44c3-9125-33041666a4b2,712.98000000,4.50000000,sell
open,2018-08-03T01:25:46.578000Z,BCH-USD,5070108732,ebcbb10d-8b88-43aa-b230-163572b8298d,712.98000000,0.90000000,sell
open,2018-08-03T01:25:46.584000Z,BCH-USD,5070108736,172985f8-66ab-4be8-b470-05d1226edc37,713.06000000,1.90000000,sell
open,2018-08-03T01:25:46.587000Z,BCH-USD,5070108738,0f7818fb-1190-4a9c-a8a0-d4288356a234,712.99000000,1.90000000,sell
open,2018-08-03T01:25:46.591000Z,BCH-USD,5070108741,d2b9baf8-b73e-49c0-85c5-6f615dc34fe2,712.99000000,4.50000000,sell
open,2018-08-03T01:25:46.595000Z,BCH-USD,5070108744,87b55863-cdf4-4196-a91d-d1fcf0b7e856,712.97000000,0.90000000,sell
open,2018-08-03T01:25:46.602000Z,BCH-USD,5070108748,7e55963e-3a79-47d6-93d3-585fd4d5aa91,713.29000000,1.90000000,sell
open,2018-08-03T01:25:46.608000Z,BCH-USD,5070108751,ea8546ef-7efa-4c9a-95fa-aa0b17931e08,712.98000000,4.50000000,sell
open,2018-08-03T01:25:46.611000Z,BCH-USD,5070108754,69505cd6-3381-4983-a933-5e55a98f5ced,712.98000000,0.90000000,sell
open,2018-08-03T01:25:46.616000Z,BCH-USD,5070108757,1828d5de-94e8-4828-852d-8dd46c07c681,710.02000000,3.78069100,buy
open,2018-08-03T01:25:46.616000Z,BCH-USD,5070108759,95d7c012-9128-4f25-bf2e-f14003b1c965,713.06000000,1.90000000,sell
open,2018-08-03T01:25:46.623000Z,BCH-USD,5070108762,0d03db96-5864-4803-aa24-83c43da7e9d5,712.99000000,4.50000000,sell
open,2018-08-03T01:25:46.630000Z,BCH-USD,5070108764,02bec2a1-0b17-42e5-941e-e84e29e5afae,710.03000000,3.78069100,buy
open,2018-08-03T01:25:46.641000Z,BCH-USD,5070108767,5f021419-0dcc-4565-a2db-295b29fe775a,710.01000000,3.78069100,buy
open,2018-08-03T01:25:46.652000Z,BCH-USD,5070108772,8c88a84a-899b-4327-a2ff-5874078aca1c,712.98000000,4.50000000,sell
open,2018-08-03T01:25:46.656000Z,BCH-USD,5070108774,c6ca6263-d062-411b-82e2-716025ceb5d0,712.98000000,1.90000000,sell
open,2018-08-03T01:25:46.671000Z,BCH-USD,5070108778,f6ee693d-d439-4e8d-90e3-d3b8374f9bc7,710.02000000,3.78069100,buy
open,2018-08-03T01:25:46.677000Z,BCH-USD,5070108781,4130e612-a37c-4eb9-9235-7160cc0fe996,712.97000000,1.90000000,sell
open,2018-08-03T01:25:46.682000Z,BCH-USD,5070108784,9ee8fb1b-b667-41a9-8cfb-ae54550fb162,712.97000000,4.50000000,sell
open,2018-08-03T01:25:46.688000Z,BCH-USD,5070108789,34399d1a-09ca-44f3-b5bd-b7dac4ccf4c2,712.99000000,1.90000000,sell
open,2018-08-03T01:25:46.690000Z,BCH-USD,5070108791,d7425725-0aac-466c-8e88-571dae7fd003,713.29000000,1.90000000,sell
open,2018-08-03T01:25:46.691000Z,BCH-USD,5070108793,b91a2888-efb5-4b7b-ac48-6e5a04408576,710.01000000,3.78069100,buy
open,2018-08-03T01:25:46.702000Z,BCH-USD,5070108796,cd884a82-d8e3-48a4-87c4-21d5790202dc,712.99000000,0.90000000,sell
open,2018-08-03T01:25:46.710000Z,BCH-USD,5070108798,ded75e8c-cf97-4cc9-b0dc-85cc412f5829,712.99000000,4.50000000,sell
open,2018-08-03T01:25:46.719000Z,BCH-USD,5070108802,ab82e261-17ca-4ffa-9ead-b19cee2626a0,710.02000000,3.78069100,buy
open,2018-08-03T01:25:46.722000Z,BCH-USD,5070108804,edd16a37-e4ce-46f4-bada-13f8ef718099,712.98000000,1.90000000,sell
open,2018-08-03T01:25:46.726000Z,BCH-USD,5070108808,d0bf33fd-9d2d-4f35-9b9e-c3df68290121,712.98000000,4.50000000,sell
open,2018-08-03T01:25:46.741000Z,BCH-USD,5070108813,75b8903e-48bf-4ec9-963c-03f1b8dbd81f,710.01000000,3.78069100,buy
open,2018-08-03T01:25:46.745000Z,BCH-USD,5070108815,f633cd04-d606-4f83-8fc4-da3f75686872,712.98000000,0.90000000,sell
open,2018-08-03T01:25:46.748000Z,BCH-USD,5070108818,ac08a8ef-c60f-4725-82c0-7253c7dd435e,712.99000000,1.90000000,sell
open,2018-08-03T01:25:46.753000Z,BCH-USD,5070108821,aa6c120c-7bd8-4663-b398-ab946d7950f8,713.06000000,1.90000000,sell
open,2018-08-03T01:25:46.755000Z,BCH-USD,5070108823,181adab5-b57c-429e-a8e9-9329f306c2bf,712.99000000,4.50000000,sell
open,2018-08-03T01:25:46.756000Z,BCH-USD,5070108825,2e6d0d6c-412a-452a-87cb-b501d1dadff8,712.99000000,0.90000000,sell
open,2018-08-03T01:25:46.760000Z,BCH-USD,5070108828,4791c264-79d1-4217-8165-000e1568242b,710.02000000,3.78069100,buy
open,2018-08-03T01:25:46.765000Z,BCH-USD,5070108832,6dd83be5-a16f-4206-8fc5-efc959222c04,713.29000000,1.90000000,sell
open,2018-08-03T01:25:46.770000Z,BCH-USD,5070108837,58f0beb7-7aec-4e2d-8e7a-b5d70d399943,712.98000000,0.90000000,sell
open,2018-08-03T01:25:46.771000Z,BCH-USD,5070108839,8bbbd3f7-4ddc-4a67-a369-5482dc3d0e8e,710.01000000,3.78069100,buy
open,2018-08-03T01:25:46.776000Z,BCH-USD,5070108841,0547e5f0-1f3b-4a0d-a0a8-a5132067bdb0,712.98000000,1.90000000,sell
open,2018-08-03T01:25:46.778000Z,BCH-USD,5070108844,5c354c74-d98f-44a0-ba3f-b8415e0c4784,712.98000000,4.50000000,sell
open,2018-08-03T01:25:46.779000Z,BCH-USD,5070108847,530e24b6-d2b5-4e53-a584-aaee8be1be33,713.06000000,1.90000000,sell
open,2018-08-03T01:25:46.786000Z,BCH-USD,5070108851,9cbf504c-0a7d-4172-a456-3846e020da2a,712.99000000,0.90000000,sell
open,2018-08-03T01:25:46.793000Z,BCH-USD,5070108854,c605be10-f9d0-40ba-aaef-c3f903085ce2,712.99000000,4.50000000,sell
open,2018-08-03T01:25:46.797000Z,BCH-USD,5070108857,7e4114b7-6453-4ceb-840b-e33ca5518f1e,710.02000000,3.78069100,buy
open,2018-08-03T01:25:46.803000Z,BCH-USD,5070108860,47fbfcb9-d37a-428a-a85b-6e0630b5e178,713.29000000,1.90000000,sell
open,2018-08-03T01:25:46.805000Z,BCH-USD,5070108862,1f90e887-b388-4686-9622-e52691fafe43,712.98000000,0.90000000,sell
open,2018-08-03T01:25:46.807000Z,BCH-USD,5070108864,1923fefb-7d74-4fb6-8646-d1f8908b8349,712.99000000,1.90000000,sell
open,2018-08-03T01:25:46.810000Z,BCH-USD,5070108867,5f271802-5967-421f-87df-19b1993c1566,710.01000000,3.78069100,buy
open,2018-08-03T01:25:46.815000Z,BCH-USD,5070108870,11810c54-53b0-4d6b-add1-3c5fcd056f1c,712.99000000,0.90000000,sell
open,2018-08-03T01:25:46.822000Z,BCH-USD,5070108876,e83ace24-23cd-41a4-b438-3684a3357eeb,712.98000000,1.90000000,sell
