type,time,product_id,sequence,order_id,funds,size,price,side,order_type
received,2018-08-03T01:25:43.958000Z,BCH-USD,5070107395,fd0fe952-0373-4b42-a72e-eb90a65be3ec,,2.00000000,710.91000000,buy,limit
received,2018-08-03T01:25:43.959000Z,BCH-USD,5070107397,92597640-3959-4a72-aaa4-3f75fac88a0b,,1.90000000,712.99000000,sell,limit
received,2018-08-03T01:25:43.961000Z,BCH-USD,5070107399,5f5b1c4f-5814-4169-9873-f9fdc0efee6c,,1.90000000,713.27000000,sell,limit
received,2018-08-03T01:25:43.975000Z,BCH-USD,5070107406,2f86091d-a5e6-4068-9c84-afc7eaeb296e,,13.42000000,708.44000000,buy,limit
received,2018-08-03T01:25:43.977000Z,BCH-USD,5070107408,e111b3f5-6575-4ba6-aa9a-80a4b3ff3cdc,,3.78069100,710.01000000,buy,limit
received,2018-08-03T01:25:43.978000Z,BCH-USD,5070107410,872d3a97-b3d3-49b6-af68-7bb02100e988,,0.90000000,712.98000000,sell,limit
received,2018-08-03T01:25:43.981000Z,BCH-USD,5070107412,63b9655d-e0f7-4ab3-8526-b9c7bf2522c2,,4.50000000,712.98000000,sell,limit
received,2018-08-03T01:25:43.982000Z,BCH-USD,5070107414,675bd2db-8039-4f13-954a-abd0c5492ba2,,1.90000000,713.06000000,sell,limit
received,2018-08-03T01:25:43.984000Z,BCH-USD,5070107417,ab33eb8e-c71d-4000-b277-e6a9cfa6beb8,,1.90000000,712.98000000,sell,limit
received,2018-08-03T01:25:43.992000Z,BCH-USD,5070107423,a429ea23-b8e7-462b-9225-947aa3049db3,,0.90000000,712.99000000,sell,limit
received,2018-08-03T01:25:43.995000Z,BCH-USD,5070107426,0277303d-8260-4b93-b3fe-5475a2724c44,,4.50000000,712.99000000,sell,limit
received,2018-08-03T01:25:43.997000Z,BCH-USD,5070107428,e07be9cd-1330-4e59-923a-9059ce10a7b6,,1.90000000,712.99000000,sell,limit
received,2018-08-03T01:25:44.008000Z,BCH-USD,5070107432,b9282bfb-26bf-4d94-aaa5-f2b9845c091e,,1.90000000,713.27000000,sell,limit
received,2018-08-03T01:25:44.008000Z,BCH-USD,5070107434,7784b7f4-c2f5-4414-8bbf-4666a8ff1367,,2.00000000,710.91000000,buy,limit
received,2018-08-03T01:25:44.011000Z,BCH-USD,5070107436,7f693b7a-d2e8-4e9e-af85-32963736f5b8,,3.78069100,710.02000000,buy,limit
received,2018-08-03T01:25:44.021000Z,BCH-USD,5070107440,9fb20eb6-6af9-4a4d-bb34-00fe642068e1,,4.50000000,712.98000000,sell,limit
received,2018-08-03T01:25:44.027000Z,BCH-USD,5070107443,37c7541f-b49b-45b8-bdb8-d6c23620f62f,,1.90000000,712.98000000,sell,limit
received,2018-08-03T01:25:44.033000Z,BCH-USD,5070107448,7716a5cc-1726-42a3-8248-ce37eb6039d1,,2.00000000,710.91000000,buy,limit
received,2018-08-03T01:25:44.033000Z,BCH-USD,5070107450,2f205105-9394-4f1f-b526-fb7bf860c9a5,,3.78069100,710.01000000,buy,limit
received,2018-08-03T01:25:44.036000Z,BCH-USD,5070107452,2d07c93f-bc5e-48e1-b15e-d9b851dffa70,,1.90000000,713.06000000,sell,limit
received,2018-08-03T01:25:44.039000Z,BCH-USD,5070107455,cd42a777-6c98-4524-afeb-402d58630fe0,,0.90000000,712.98000000,sell,limit
received,2018-08-03T01:25:44.048000Z,BCH-USD,5070107459,aaf3e65c-e9ee-4d6f-b0a9-18b2a534ac39,,1.90000000,712.99000000,sell,limit
received,2018-08-03T01:25:44.049000Z,BCH-USD,5070107461,054e5922-fb7e-4b13-a4c4-5646d298bb57,,4.50000000,712.99000000,sell,limit
received,2018-08-03T01:25:44.050000Z,BCH-USD,5070107463,f5d2b1db-f5cd-4974-b960-25feaf0d0a55,,1.90000000,713.27000000,sell,limit
received,2018-08-03T01:25:44.053000Z,BCH-USD,5070107465,7f3571f6-2b38-4eda-917d-72fde1ef047f,,3.78069100,710.02000000,buy,limit
received,2018-08-03T01:25:44.053000Z,BCH-USD,5070107467,10b4164a-9f11-4419-9ba1-c7d4006e5960,,0.90000000,712.99000000,sell,limit
received,2018-08-03T01:25:44.066000Z,BCH-USD,5070107472,340fd8ab-c080-403e-bc15-9babd6f45289,,3.78069100,710.01000000,buy,limit
received,2018-08-03T01:25:44.067000Z,BCH-USD,5070107474,958b3f83-9023-496a-8c66-b8a4804a652d,,1.90000000,713.06000000,sell,limit
received,2018-08-03T01:25:44.068000Z,BCH-USD,5070107476,e92b7f6f-264d-4c54-9c79-21e0584b3952,,0.90000000,712.98000000,sell,limit
received,2018-08-03T01:25:44.079000Z,BCH-USD,5070107480,d26cb4e7-ccd2-427c-88cf-bb9085941ef2,,1.90000000,712.98000000,sell,limit
received,2018-08-03T01:25:44.084000Z,BCH-USD,5070107484,075e8f93-5da9-46ba-b6c8-942a85fcc896,,4.50000000,712.98000000,sell,limit
received,2018-08-03T01:25:44.093000Z,BCH-USD,5070107489,2af97f68-bf72-49c0-aa06-acf6ea300aef,,3.78069100,710.02000000,buy,limit
received,2018-08-03T01:25:44.095000Z,BCH-USD,5070107491,40512d95-7887-42a3-815d-db87059f24af,,0.90000000,712.99000000,sell,limit
received,2018-08-03T01:25:44.100000Z,BCH-USD,5070107494,e0492e9b-4157-4e49-847f-f7241fa9a224,,1.90000000,712.99000000,sell,limit
received,2018-08-03T01:25:44.100000Z,BCH-USD,5070107496,5ae64d3f-2aaf-48e2-b379-ecbfa642cc97,,1.90000000,713.27000000,sell,limit
received,2018-08-03T01:25:44.112000Z,BCH-USD,5070107498,99d27c71-44fc-4bcd-8e5a-5c36ae2fa490,,4.50000000,712.99000000,sell,limit
received,2018-08-03T01:25:44.114000Z,BCH-USD,5070107500,b6e40981-a4d2-48e9-b348-3652154fb5b3,,3.78069100,710.01000000,buy,limit
received,2018-08-03T01:25:44.129000Z,BCH-USD,5070107508,a4411304-8981-4fd8-b49d-88d4ae811495,,4.50000000,712.98000000,sell,limit
received,2018-08-03T01:25:44.130000Z,BCH-USD,5070107510,9b3c554c-a753-47ed-8821-f47a1af1634f,,1.90000000,713.06000000,sell,limit
received,2018-08-03T01:25:44.136000Z,BCH-USD,5070107515,c4c4a289-f724-4569-a451-42e6e4d74f18,,1.90000000,712.98000000,sell,limit
received,2018-08-03T01:25:44.138000Z,BCH-USD,5070107517,775dd0e3-c4f1-4b8f-8c13-acab666ac665,,0.90000000,712.98000000,sell,limit
received,2018-08-03T01:25:44.163000Z,BCH-USD,5070107525,8cffbbdf-1e46-4ed7-bd18-39c4d8c0a010,,1.90000000,713.27000000,sell,limit
received,2018-08-03T01:25:44.167000Z,BCH-USD,5070107528,51155724-ad26-4d50-b235-171206ef0e9b,,0.90000000,712.99000000,sell,limit
received,2018-08-03T01:25:44.168000Z,BCH-USD,5070107530,f3b0e0a0-279e-4558-bbae-3a4bddb7a786,,3.78069100,710.02000000,buy,limit
received,2018-08-03T01:25:44.175000Z,BCH-USD,5070107534,1e0c79a0-850d-4065-ad6c-333cb16af79c,,1.90000000,712.99000000,sell,limit
received,2018-08-03T01:25:44.176000Z,BCH-USD,5070107536,433b124f-f0f4-4cd6-8a9e-d3217c4493ee,,4.50000000,712.99000000,sell,limit
received,2018-08-03T01:25:44.178000Z,BCH-USD,5070107538,27b2784d-b108-49a0-8814-6c3a4cb9fa82,,3.00000000,710.25000000,buy,limit
received,2018-08-03T01:25:44.243000Z,BCH-USD,5070107547,fdf8273c-a3b5-4ba0-8bf1-5f70c1614460,,3.78069100,709.88000000,buy,limit
received,2018-08-03T01:25:44.246000Z,BCH-USD,5070107550,c810e430-c87c-4df3-86c2-8be7bb414023,,0.90000000,712.98000000,sell,limit
received,2018-08-03T01:25:44.247000Z,BCH-USD,5070107553,237f665f-780a-44ee-a297-b9ecfa7368a3,,1.90000000,713.06000000,sell,limit
received,2018-08-03T01:25:44.252000Z,BCH-USD,5070107556,8a1ef97d-b0ca-477b-9e8a-edb0c9bbb8fa,,0.28539700,708.50000000,buy,limit
received,2018-08-03T01:25:44.256000Z,BCH-USD,5070107559,ebebfc2f-bec4-41fa-8537-bc225939a879,,4.50000000,712.98000000,sell,limit
received,2018-08-03T01:25:44.259000Z,BCH-USD,5070107561,eef4e22e-28f6-444e-9773-1464aa4971f7,,10.00000000,710.59000000,buy,limit
received,2018-08-03T01:25:44.263000Z,BCH-USD,5070107564,40de65c5-deb3-44f5-a778-9ef8e01aa950,,0.90000000,712.99000000,sell,limit
received,2018-08-03T01:25:44.268000Z,BCH-USD,5070107566,0e3b6f68-37cb-4df0-a5ca-ebedbf5d5377,,0.42029900,708.08000000,buy,limit
received,2018-08-03T01:25:44.268000Z,BCH-USD,5070107568,88082ec5-cf4e-464f-a324-ccd325ca651c,,1.90000000,712.98000000,sell,limit
received,2018-08-03T01:25:44.270000Z,BCH-USD,5070107570,1aab1c15-6ad0-4b78-a6b3-d5233e2419fb,,0.01000000,707.86000000,buy,limit
received,2018-08-03T01:25:44.272000Z,BCH-USD,5070107572,4dcb81f3-0c39-4f01-9aa8-1a98862ad5a6,,3.78069100,710.01000000,buy,limit
received,2018-08-03T01:25:44.272000Z,BCH-USD,5070107574,86c7ea71-8fa2-460f-958f-d9d35fad60aa,,4.50000000,712.99000000,sell,limit
received,2018-08-03T01:25:44.275000Z,BCH-USD,5070107577,ba70958e-8428-408a-a873-9784d3746999,,1.90000000,713.27000000,sell,limit
received,2018-08-03T01:25:44.281000Z,BCH-USD,5070107581,6851c528-fb72-4c12-93a2-23387a297883,,1.90000000,712.99000000,sell,limit
received,2018-08-03T01:25:44.291000Z,BCH-USD,5070107589,b61b54c2-e07e-459c-9014-84b2308d92ed,,0.82721300,707.87000000,buy,limit
received,2018-08-03T01:25:44.296000Z,BCH-USD,5070107591,e5888c1b-0cd0-4877-8c9c-132bfaa4aa8c,,4.50000000,712.98000000,sell,limit
received,2018-08-03T01:25:44.298000Z,BCH-USD,5070107593,aab3b880-5d5a-4ce4-8380-8bf236583e0f,,1.90000000,713.06000000,sell,limit
received,2018-08-03T01:25:44.299000Z,BCH-USD,5070107595,a553f6af-0b30-4c4b-9297-cb6a40a3fea7,,1.90000000,712.98000000,sell,limit
received,2018-08-03T01:25:44.300000Z,BCH-USD,5070107597,992ac07a-09ab-4a3e-8da9-05f12d4aa6ac,,0.90000000,710.60000000,buy,limit
received,2018-08-03T01:25:44.302000Z,BCH-USD,5070107599,5a2ae379-eb07-4a54-baeb-8e0eda0d9248,,0.90000000,712.98000000,sell,limit
received,2018-08-03T01:25:44.308000Z,BCH-USD,5070107603,24863312-9095-45f1-8bc0-21c1351a775d,,2.00000000,711.00000000,buy,limit
received,2018-08-03T01:25:44.317000Z,BCH-USD,5070107606,682c1534-cbc2-4ea4-befc-a5594560ffe5,,1.35482300,706.19000000,buy,limit
received,2018-08-03T01:25:44.318000Z,BCH-USD,5070107608,7154f3a7-8b3d-41e0-a6ed-e6c82d7d0095,,3.78069100,710.02000000,buy,limit
received,2018-08-03T01:25:44.322000Z,BCH-USD,5070107611,17dd4f69-90ce-4f66-9f73-03f7655ba351,,1.90000000,712.99000000,sell,limit
received,2018-08-03T01:25:44.322000Z,BCH-USD,5070107613,3e51dd63-c037-4403-b499-95aa9e7ae9ac,,1.90000000,713.27000000,sell,limit
received,2018-08-03T01:25:44.327000Z,BCH-USD,5070107617,b527c849-7aef-4f01-a122-7d83c44a46ae,,0.90000000,712.99000000,sell,limit
received,2018-08-03T01:25:44.327000Z,BCH-USD,5070107619,e4be9ff7-f377-4d2b-8108-0eda81deab4d,,11.39000000,712.29000000,sell,limit
received,2018-08-03T01:25:44.328000Z,BCH-USD,5070107621,edec44cc-9ba3-4187-ba4b-034cc20ab087,,0.70720000,712.13000000,sell,limit
received,2018-08-03T01:25:44.331000Z,BCH-USD,5070107624,55d81367-4003-4413-a178-647ebb41650b,,0.28421000,719.00000000,sell,limit
received,2018-08-03T01:25:44.334000Z,BCH-USD,5070107627,b124f8cb-d1e4-4801-9208-e36a9aa4933b,,10.28000000,708.45000000,buy,limit
received,2018-08-03T01:25:44.335000Z,BCH-USD,5070107630,b1c6ce39-8cdf-4919-8339-4745cf522d99,,4.50000000,712.99000000,sell,limit
received,2018-08-03T01:25:44.337000Z,BCH-USD,5070107632,de0522d9-1041-4bbe-b2c6-e018be4b9ea2,,3.78069100,710.01000000,buy,limit
received,2018-08-03T01:25:44.340000Z,BCH-USD,5070107634,accbb79b-62bc-420e-b371-68e0543a97a2,,0.90000000,712.98000000,sell,limit
received,2018-08-03T01:25:44.344000Z,BCH-USD,5070107637,04ac7966-4251-42cd-812f-01634400633b,,1.90000000,713.06000000,sell,limit
received,2018-08-03T01:25:44.345000Z,BCH-USD,5070107639,9d06b8fc-0d3a-4d67-915e-803bb7f69cc4,,0.26906400,713.19000000,sell,limit
received,2018-08-03T01:25:44.348000Z,BCH-USD,5070107643,82ad0381-e84a-4b69-8d0e-6a5c429a6872,,1.90000000,712.98000000,sell,limit
received,2018-08-03T01:25:44.354000Z,BCH-USD,5070107648,cee26be0-f876-4b82-a40b-49586286c708,,3.78069100,710.02000000,buy,limit
received,2018-08-03T01:25:44.357000Z,BCH-USD,5070107650,dcd2d3b5-ca3a-49bf-aa06-6e06622e2f8f,,0.90000000,712.99000000,sell,limit
received,2018-08-03T01:25:44.362000Z,BCH-USD,5070107654,45c4969f-81be-4980-9609-70a2ae994d90,,4.50000000,712.98000000,sell,limit
received,2018-08-03T01:25:44.368000Z,BCH-USD,5070107657,35e528e1-902d-4b64-9992-7d3ba995b1e0,,1.05546800,714.45000000,sell,limit
received,2018-08-03T01:25:44.369000Z,BCH-USD,5070107659,bd745c5e-0350-414a-9d9e-fdd60914d1c6,,3.78069100,710.01000000,buy,limit
received,2018-08-03T01:25:44.370000Z,BCH-USD,5070107661,f89646cd-8289-4964-8957-1f68c336fc9a,,2.00000000,710.91000000,buy,limit
received,2018-08-03T01:25:44.373000Z,BCH-USD,5070107663,b7e66490-5216-42a9-8e58-9d1946ed37bb,,1.90000000,712.99000000,sell,limit
received,2018-08-03T01:25:44.378000Z,BCH-USD,5070107666,b9f35ac7-14d0-44fb-8700-dc21b264e05b,,0.70720000,711.94000000,sell,limit
received,2018-08-03T01:25:44.381000Z,BCH-USD,5070107668,91b58bbe-0728-4ff7-977f-a0d2cf72d8b5,,4.50000000,712.99000000,sell,limit
received,2018-08-03T01:25:44.392000Z,BCH-USD,5070107673,bc64db47-c06c-45f5-a03d-1bf54bf1b652,,1.23867500,714.66000000,sell,limit
received,2018-08-03T01:25:44.396000Z,BCH-USD,5070107675,9f90d20b-1a36-44b0-80c5-f8e5dd38c01b,,2.00000000,710.91000000,buy,limit
received,2018-08-03T01:25:44.411000Z,BCH-USD,5070107678,9ecf3d1b-2c87-44c1-89ae-d79b7c2a34e4,,0.98261700,714.87000000,sell,limit
received,2018-08-03T01:25:44.415000Z,BCH-USD,5070107681,1e14e810-179a-4403-9d59-6b7e7fdd845d,,68.00000000,687.49000000,buy,limit
received,2018-08-03T01:25:44.417000Z,BCH-USD,5070107683,0caa9793-40fa-44c3-aa33-f46f976c5fff,,2.00000000,710.91000000,buy,limit
received,2018-08-03T01:25:44.428000Z,BCH-USD,5070107686,d3b369b8-3854-45ff-9120-750d2e219a65,,3.78069100,710.02000000,buy,limit
received,2018-08-03T01:25:44.433000Z,BCH-USD,5070107689,5bcc8e8c-d023-4b47-ac83-58f2ab33db41,,4.50000000,712.98000000,sell,limit
received,2018-08-03T01:25:44.436000Z,BCH-USD,5070107692,fe898e8c-1918-4244-8a4e-d1e9f2c0b4e9,,1.90000000,712.98000000,sell,limit
received,2018-08-03T01:25:44.442000Z,BCH-USD,5070107696,bb369982-564e-410a-85c5-0e2870322808,,0.90000000,712.98000000,sell,limit
received,2018-08-03T01:25:44.452000Z,BCH-USD,5070107699,5f5643f5-c441-499b-81a3-2ebb665d7a7e,,3.78069100,710.01000000,buy,limit
received,2018-08-03T01:25:44.454000Z,BCH-USD,5070107701,dfb16921-1022-48b3-abe3-1dc271660050,,0.70720000,712.13000000,sell,limit
received,2018-08-03T01:25:44.462000Z,BCH-USD,5070107705,54906c99-f70a-41ac-a346-9c0be2d41105,,4.50000000,712.99000000,sell,limit
received,2018-08-03T01:25:44.465000Z,BCH-USD,5070107708,3002bfe0-562d-403c-8d62-7e2910e4fe23,,0.90000000,712.99000000,sell,limit
received,2018-08-03T01:25:44.465000Z,BCH-USD,5070107710,2db97b9d-25bd-4ed5-a7d3-957e62542251,,2.00000000,711.00000000,buy,limit
received,2018-08-03T01:25:44.466000Z,BCH-USD,5070107712,93971932-a639-4f01-9dcb-35b8a72c048a,,1.90000000,712.99000000,sell,limit
received,2018-08-03T01:25:44.473000Z,BCH-USD,5070107715,36d33f7a-6dd7-4499-b1a8-931c5b70c648,,3.78069100,710.02000000,buy,limit
received,2018-08-03T01:25:44.482000Z,BCH-USD,5070107720,bb36c6bd-7aa5-414b-93ac-30e05d61d838,,0.90000000,712.98000000,sell,limit
received,2018-08-03T01:25:44.483000Z,BCH-USD,5070107722,123d16b5-e98c-49ed-9c85-73d2feda88b2,,4.50000000,712.98000000,sell,limit
received,2018-08-03T01:25:44.485000Z,BCH-USD,5070107724,9349344f-bcd7-4dff-be4e-5cd177874642,,0.70720000,711.94000000,sell,limit
received,2018-08-03T01:25:44.490000Z,BCH-USD,5070107727,5c828dc4-cf4a-452a-b480-cec403d6b6b0,,1.90000000,712.98000000,sell,limit
received,2018-08-03T01:25:44.494000Z,BCH-USD,5070107730,e885187a-4d0f-49fa-bbab-b3a3c16ee3e0,,3.78069100,710.01000000,buy,limit
received,2018-08-03T01:25:44.495000Z,BCH-USD,5070107732,7e2aa3ad-3a25-4782-a998-09869195d5ee,,0.90000000,712.99000000,sell,limit
received,2018-08-03T01:25:44.508000Z,BCH-USD,5070107734,32e431f2-6b2f-46a2-9b81-96780d428da6,,4.50000000,712.97000000,sell,limit
received,2018-08-03T01:25:44.518000Z,BCH-USD,5070107738,8d5602d2-f572-4f2f-8222-6b2a9b5c9644,,3.78069100,710.02000000,buy,limit
received,2018-08-03T01:25:44.524000Z,BCH-USD,5070107741,38d89096-47fb-4c6d-abf9-6f9b0e900c04,,4.50000000,712.99000000,sell,limit
received,2018-08-03T01:25:44.528000Z,BCH-USD,5070107744,21cbe6a8-03fa-461d-a91a-dfed62129c18,,1.90000000,712.99000000,sell,limit
received,2018-08-03T01:25:44.540000Z,BCH-USD,5070107747,daff0253-40d9-4728-81fb-78b2d6deaf0f,,3.78069100,710.03000000,buy,limit
received,2018-08-03T01:25:44.549000Z,BCH-USD,5070107751,f11ce480-b80a-4af5-a8e7-1c062d55d8cf,,4.50000000,712.98000000,sell,limit
received,2018-08-03T01:25:44.554000Z,BCH-USD,5070107753,44417c90-5fd1-45e9-b972-a015e0dc7cda,,3.78069100,710.01000000,buy,limit
received,2018-08-03T01:25:44.561000Z,BCH-USD,5070107757,617afe3d-d26e-4ea3-8b47-aa945f55ca16,,4.50000000,712.99000000,sell,limit
received,2018-08-03T01:25:44.571000Z,BCH-USD,5070107763,1c095b3b-f7fb-4c82-bc1b-adb0f3d1fdce,,0.90000000,712.98000000,sell,limit
received,2018-08-03T01:25:44.572000Z,BCH-USD,5070107765,030e185f-49ed-43dd-baef-75aa6afed332,,4.50000000,712.98000000,sell,limit
received,2018-08-03T01:25:44.575000Z,BCH-USD,5070107768,5c3f51ec-9d31-4752-b7c1-63e25ec9aece,,1.90000000,712.98000000,sell,limit
received,2018-08-03T01:25:44.579000Z,BCH-USD,5070107770,3589f17e-4453-4007-bdff-7b771161ef54,,3.78069100,710.02000000,buy,limit
received,2018-08-03T01:25:44.581000Z,BCH-USD,5070107773,400d12ee-9f0a-4229-831f-fa8202f17f32,,2.00000000,711.00000000,buy,limit
received,2018-08-03T01:25:44.584000Z,BCH-USD,5070107775,909bcc54-f8a5-4133-b140-d5b353e7cf7c,,0.90000000,712.99000000,sell,limit
received,2018-08-03T01:25:44.586000Z,BCH-USD,5070107778,83b106f5-5b4c-4eca-9fad-2a6a935843cc,,0.70720000,712.13000000,sell,limit
received,2018-08-03T01:25:44.595000Z,BCH-USD,5070107781,2da2688f-6d3f-44bd-b3a5-c912f335f0d6,,1.90000000,712.99000000,sell,limit
received,2018-08-03T01:25:44.596000Z,BCH-USD,5070107783,b21dd3c2-6085-413d-9c61-4f0d1b0aab91,,0.90000000,712.97000000,sell,limit
received,2018-08-03T01:25:44.602000Z,BCH-USD,5070107786,0f3bca98-e63f-4c19-9bd1-518a49cb5669,,3.78069100,710.01000000,buy,limit
received,2018-08-03T01:25:44.605000Z,BCH-USD,5070107788,c38c8e6f-7e9a-4417-a9b1-8acc9f124108,,1.90000000,712.98000000,sell,limit
received,2018-08-03T01:25:44.613000Z,BCH-USD,5070107795,9c6204a3-af0c-495e-8e6c-643ff4209423,,3.78069100,710.02000000,buy,limit
received,2018-08-03T01:25:44.617000Z,BCH-USD,5070107797,0bd5ec34-faae-4880-8adb-960c43ccf20b,,4.50000000,712.97000000,sell,limit
received,2018-08-03T01:25:44.620000Z,BCH-USD,5070107799,f374a8ee-b453-4eb9-8843-83d77c16fedd,,0.90000000,712.98000000,sell,limit
received,2018-08-03T01:25:44.620000Z,BCH-USD,5070107801,fc934f4b-face-4615-bac6-3acc3c4b2061,,1.90000000,712.97000000,sell,limit
received,2018-08-03T01:25:44.631000Z,BCH-USD,5070107807,16eb7641-8bd7-4804-a3dd-94650a79d14f,,0.90000000,712.99000000,sell,limit
received,2018-08-03T01:25:44.632000Z,BCH-USD,5070107809,7e97e888-276f-4929-90eb-246f483e0d84,,4.50000000,712.99000000,sell,limit
received,2018-08-03T01:25:44.635000Z,BCH-USD,5070107811,e9a7ea80-6a1a-4eae-b3d5-04f97bcd0798,,2.00000000,711.00000000,buy,limit
received,2018-08-03T01:25:44.645000Z,BCH-USD,5070107815,7b078f1e-a074-4253-ab69-d45bddf577f6,,1.90000000,712.99000000,sell,limit
received,2018-08-03T01:25:44.649000Z,BCH-USD,5070107818,4f0c0fff-9612-4440-ac55-094f9eeebb04,,0.90000000,712.98000000,sell,limit
received,2018-08-03T01:25:44.656000Z,BCH-USD,5070107821,23deb75f-e21f-4ff6-8d43-f90a54988803,,3.78069100,710.03000000,buy,limit
received,2018-08-03T01:25:44.657000Z,BCH-USD,5070107823,9b896587-3f65-4199-862e-4e27d4a9e97c,,0.70720000,712.13000000,sell,limit
received,2018-08-03T01:25:44.662000Z,BCH-USD,5070107827,d436779d-5a7f-440f-bf19-1cd616620653,,2.00000000,711.00000000,buy,limit
received,2018-08-03T01:25:44.664000Z,BCH-USD,5070107830,88b02ffc-1a3f-410c-bdcb-f2ffebb29d20,,0.90000000,712.99000000,sell,limit
received,2018-08-03T01:25:44.668000Z,BCH-USD,5070107832,b7865b8d-308d-4bd1-a7f5-0ada9f95af78,,1.90000000,712.98000000,sell,limit
received,2018-08-03T01:25:44.670000Z,BCH-USD,5070107835,1175a5dc-004a-408f-ad79-16ac7ac50027,,4.50000000,712.98000000,sell,limit
received,2018-08-03T01:25:44.673000Z,BCH-USD,5070107838,5a872d99-03e9-4973-9362-2c354db02455,,3.78069100,710.01000000,buy,limit
received,2018-08-03T01:25:44.676000Z,BCH-USD,5070107841,2ee43bc9-73fc-444e-a9ed-b1a2b60448d7,,0.90000000,712.98000000,sell,limit
received,2018-08-03T01:25:44.685000Z,BCH-USD,5070107845,68f7f36c-ddd0-404a-ad36-ed556259f9a3,,0.90000000,712.99000000,sell,limit
received,2018-08-03T01:25:44.688000Z,BCH-USD,5070107847,fefc84bc-96eb-4b1f-b312-f2f4ed19f429,,1.90000000,712.99000000,sell,limit
received,2018-08-03T01:25:44.691000Z,BCH-USD,5070107849,2c60323e-3b40-4502-88c3-556bd9d8a169,,4.50000000,712.99000000,sell,limit
received,2018-08-03T01:25:44.694000Z,BCH-USD,5070107851,46b80f20-6205-4df8-be18-88470f68b459,,3.78069100,710.02000000,buy,limit
received,2018-08-03T01:25:44.707000Z,BCH-USD,5070107856,edacabac-b3ea-47df-820c-af0bae8bcd49,,0.02738039,712.12000000,sell,limit
received,2018-08-03T01:25:44.708000Z,BCH-USD,5070107858,f0d036ba-6562-40e6-b17e-fc0e49d96ef2,,3.78069100,710.01000000,buy,limit
received,2018-08-03T01:25:44.716000Z,BCH-USD,5070107861,8f12f924-7672-43c5-a865-dbbcfd1fb072,,4.50000000,712.98000000,sell,limit
received,2018-08-03T01:25:44.719000Z,BCH-USD,5070107863,795080ab-07ca-4cfb-9003-e5800ee9f8df,,1.90000000,712.98000000,sell,limit
received,2018-08-03T01:25:44.730000Z,BCH-USD,5070107868,9e934507-75e5-4b6b-b4c0-8e9ef02a0cac,,3.78069100,710.02000000,buy,limit
received,2018-08-03T01:25:44.733000Z,BCH-USD,5070107870,bf30f7c1-e628-47e1-804a-1852c246a6eb,,0.90000000,712.97000000,sell,limit
received,2018-08-03T01:25:44.741000Z,BCH-USD,5070107874,0f5c346d-14db-4ec5-8a09-7b45303b0c08,,1.90000000,712.99000000,sell,limit
received,2018-08-03T01:25:44.746000Z,BCH-USD,5070107876,45876c84-2880-4b0e-ab8d-a1504e82bb4b,,0.90000000,712.99000000,sell,limit
received,2018-08-03T01:25:44.748000Z,BCH-USD,5070107878,cf0f947a-0ce1-4e08-ac80-360993d19f8a,,4.50000000,712.99000000,sell,limit
received,2018-08-03T01:25:44.756000Z,BCH-USD,5070107880,dc238c54-e201-4dff-96a5-118ac4dfa6ea,,3.78069100,710.01000000,buy,limit
received,2018-08-03T01:25:44.763000Z,BCH-USD,5070107886,e1faf18c-75c5-4b64-b3d5-7323a669dcae,,0.90000000,712.98000000,sell,limit
received,2018-08-03T01:25:44.766000Z,BCH-USD,5070107888,255e8e7a-08e6-4004-8a4f-33354e1c6580,,1.90000000,712.98000000,sell,limit
received,2018-08-03T01:25:44.777000Z,BCH-USD,5070107891,5bb43f5e-84f9-44a4-afa8-da9f55287cec,,4.50000000,712.98000000,sell,limit
received,2018-08-03T01:25:44.784000Z,BCH-USD,5070107894,df4095f3-68fc-4d34-a127-1bb6f33dc5f6,,0.90000000,712.99000000,sell,limit
received,2018-08-03T01:25:44.785000Z,BCH-USD,5070107896,31863c9b-7f7a-43e7-98b5-df7a713b5d6b,,3.78069100,710.02000000,buy,limit
received,2018-08-03T01:25:44.789000Z,BCH-USD,5070107898,ff4eeff0-6d5b-4adb-a5a0-f1cf67916176,,4.50000000,712.99000000,sell,limit
received,2018-08-03T01:25:44.797000Z,BCH-USD,5070107903,a31ee600-eaef-4449-97a9-2d034b8b5921,,3.78069100,710.01000000,buy,limit
received,2018-08-03T01:25:44.804000Z,BCH-USD,5070107906,a211bd02-35a3-4340-934e-f2ef44539ec7,,0.90000000,712.98000000,sell,limit
received,2018-08-03T01:25:44.808000Z,BCH-USD,5070107909,40da3194-4c1a-4fda-90e4-3a1221caad49,,4.50000000,712.98000000,sell,limit
received,2018-08-03T01:25:44.814000Z,BCH-USD,5070107913,13e13d3c-be65-4241-936c-5fb4661a1b48,,3.78069100,710.02000000,buy,limit
received,2018-08-03T01:25:44.817000Z,BCH-USD,5070107915,ea9a91e0-b9c0-4be3-951d-578ca67c7350,,1.90000000,712.99000000,sell,limit
received,2018-08-03T01:25:44.818000Z,BCH-USD,5070107917,adf67bfa-49d1-4ea1-a999-46c085bd9d0f,,0.90000000,712.99000000,sell,limit
received,2018-08-03T01:25:44.822000Z,BCH-USD,5070107919,2e6c82ec-d587-42f1-92bb-6c465bff4fd7,,4.50000000,712.99000000,sell,limit
received,2018-08-03T01:25:44.834000Z,BCH-USD,5070107923,e32a6a2a-1bc6-4af6-b530-03e6ebaedc9c,,4.50000000,712.98000000,sell,limit
received,2018-08-03T01:25:44.839000Z,BCH-USD,5070107926,f671f62a-f76c-4730-bb23-f81a3870e29e,,1.90000000,712.98000000,sell,limit
received,2018-08-03T01:25:44.844000Z,BCH-USD,5070107931,29524536-0a33-4ff8-8c9a-8c894739e1f4,,0.90000000,712.98000000,sell,limit
received,2018-08-03T01:25:44.849000Z,BCH-USD,5070107934,ff93ac62-ecd1-481b-bab4-d45e40e27a1f,,4.50000000,712.99000000,sell,limit
received,2018-08-03T01:25:44.853000Z,BCH-USD,5070107936,716c004e-f1dc-4206-b7e7-5a9d1c9de693,,3.78069100,710.03000000,buy,limit
received,2018-08-03T01:25:44.859000Z,BCH-USD,5070107939,cf9f59c1-76e6-462c-a515-2545d33242bb,,0.90000000,712.99000000,sell,limit
received,2018-08-03T01:25:44.869000Z,BCH-USD,5070107941,f410dc6f-ac4a-4e3b-bb70-6c43f8aab8c8,,3.78069100,710.01000000,buy,limit
received,2018-08-03T01:25:44.871000Z,BCH-USD,5070107943,9eeed18d-762c-40f1-8c4b-e819c416bafc,,1.90000000,712.99000000,sell,limit
received,2018-08-03T01:25:44.881000Z,BCH-USD,5070107950,92bdc2c4-b9a7-4ea7-a3c6-cab450e831b0,,0.90000000,712.98000000,sell,limit
received,2018-08-03T01:25:44.884000Z,BCH-USD,5070107952,1777aab3-3576-4257-9708-f2566bf59616,,3.78069100,710.02000000,buy,limit
received,2018-08-03T01:25:44.890000Z,BCH-USD,5070107956,1771fc5b-e44c-4914-85e3-b24320d84e04,,0.28421000,723.79000000,sell,limit
received,2018-08-03T01:25:44.898000Z,BCH-USD,5070107959,f5ec02c4-fab9-4a9b-b646-e819053f3242,,1.90000000,712.98000000,sell,limit
received,2018-08-03T01:25:44.898000Z,BCH-USD,5070107961,fbd3544a-c724-4687-8260-a33a01da7733,,3.78069100,710.01000000,buy,limit
received,2018-08-03T01:25:44.902000Z,BCH-USD,5070107964,296efed9-80dd-4358-93de-2bb76ae58a17,,4.50000000,712.98000000,sell,limit
received,2018-08-03T01:25:44.907000Z,BCH-USD,5070107967,9c9a5238-6f3f-404b-b884-7cd1ee925269,,0.90000000,712.99000000,sell,limit
received,2018-08-03T01:25:44.915000Z,BCH-USD,5070107970,78203fa5-14dc-44f8-b3f0-e0f3c07c00dd,,1.90000000,712.99000000,sell,limit
received,2018-08-03T01:25:44.921000Z,BCH-USD,5070107973,848d8331-2e6d-4eab-a5a4-e40f10bffa47,,0.90000000,712.97000000,sell,limit
received,2018-08-03T01:25:44.925000Z,BCH-USD,5070107975,c5771d8e-4b14-4a7b-a2bd-8b37ad799e27,,0.70720000,712.12000000,sell,limit
received,2018-08-03T01:25:44.937000Z,BCH-USD,5070107978,739440ad-c3e6-41a6-9818-cedd9f6b2029,,4.50000000,712.97000000,sell,limit
received,2018-08-03T01:25:44.945000Z,BCH-USD,5070107982,43201217-3bab-4729-97e1-3d24600ecbed,,0.90000000,712.99000000,sell,limit
received,2018-08-03T01:25:44.949000Z,BCH-USD,5070107984,52f70982-23e6-4957-af5b-5ddcee20ab66,,4.50000000,712.99000000,sell,limit
received,2018-08-03T01:25:44.963000Z,BCH-USD,5070107988,68defd2f-dfbc-4b90-bd2c-8c5a65a54559,,4.50000000,712.98000000,sell,limit
received,2018-08-03T01:25:44.977000Z,BCH-USD,5070107991,f66e4515-4f53-4bc9-bc0e-6ca28e23bc96,,3.78069100,710.03000000,buy,limit
received,2018-08-03T01:25:44.993000Z,BCH-USD,5070107995,d860b264-edde-4284-b733-f5a459874d8e,,1.90000000,712.97000000,sell,limit
received,2018-08-03T01:25:45.003000Z,BCH-USD,5070107997,58642014-1a59-4c87-a86e-1054c29246ea,,3.78069100,710.01000000,buy,limit
received,2018-08-03T01:25:45.045000Z,BCH-USD,5070108002,8900209b-3379-47a3-b90a-58b9850e2393,,2.00000000,711.00000000,buy,limit
received,2018-08-03T01:25:45.062000Z,BCH-USD,5070108006,1bdc4397-68f3-4130-91e9-2602f9a8fc4a,,11.72000000,714.82000000,sell,limit
received,2018-08-03T01:25:45.066000Z,BCH-USD,5070108008,8690e2a3-dd85-4ef4-bdd9-12146353d137,,3.78069100,710.02000000,buy,limit
received,2018-08-03T01:25:45.069000Z,BCH-USD,5070108010,5e61b0a1-492b-4fee-b5e6-0da0564996e5,,4.50000000,712.99000000,sell,limit
received,2018-08-03T01:25:45.071000Z,BCH-USD,5070108012,bd5485cb-a83b-420a-8442-ce84a5ae888e,,0.90000000,712.98000000,sell,limit
received,2018-08-03T01:25:45.072000Z,BCH-USD,5070108014,8e1f0b64-6be5-43ee-b4ab-7e9bc4209498,,0.70720000,712.12000000,sell,limit
received,2018-08-03T01:25:45.082000Z,BCH-USD,5070108018,2164cca2-906c-48d9-b261-8e2ecf127ef4,,1.90000000,712.99000000,sell,limit
received,2018-08-03T01:25:45.085000Z,BCH-USD,5070108020,d860eaba-811b-42a8-8b80-e783b9e15a4f,,4.50000000,712.98000000,sell,limit
received,2018-08-03T01:25:45.100000Z,BCH-USD,5070108023,26d1cb3c-baad-4f58-a632-f2030d31fb63,,4.50000000,712.99000000,sell,limit
received,2018-08-03T01:25:45.108000Z,BCH-USD,5070108027,f03343b4-5451-454a-8fdb-c765be5ddc86,,3.78069100,710.03000000,buy,limit
received,2018-08-03T01:25:45.148000Z,BCH-USD,5070108030,85057434-7cd3-4f8f-b27a-f1a6c6fc0981,,4.50000000,712.98000000,sell,limit
received,2018-08-03T01:25:45.155000Z,BCH-USD,5070108035,42483828-b8c8-4af0-afb7-0702bb367116,,3.78069100,710.01000000,buy,limit
received,2018-08-03T01:25:45.180000Z,BCH-USD,5070108041,aae57f35-74c3-450e-a7d4-0620ff571304,,0.90000000,712.99000000,sell,limit
received,2018-08-03T01:25:45.198000Z,BCH-USD,5070108047,f58cf61b-2612-44df-bfff-e7f133131bf8,,1.90000000,712.98000000,sell,limit
received,2018-08-03T01:25:45.213000Z,BCH-USD,5070108049,e3b9f490-d067-4155-bfbf-8ccbf7f22914,,4.50000000,712.99000000,sell,limit
received,2018-08-03T01:25:45.224000Z,BCH-USD,5070108051,8386c1cd-fcc6-4337-a7a1-aa77f0c8d1f7,,0.23479500,708.50000000,buy,limit
received,2018-08-03T01:25:45.224000Z,BCH-USD,5070108053,99b6cf0f-d7b6-492a-a4eb-d2f19f3f6ab2,,3.78069100,710.02000000,buy,limit
received,2018-08-03T01:25:45.237000Z,BCH-USD,5070108057,892646a0-9ba4-4d30-8cc5-f13be4e72c90,,4.50000000,712.98000000,sell,limit
received,2018-08-03T01:25:45.238000Z,BCH-USD,5070108059,107f815c-e0b5-471e-bfbc-65b72ff9ffa2,,0.31379000,708.08000000,buy,limit
received,2018-08-03T01:25:45.242000Z,BCH-USD,5070108061,1289e06d-91e0-42b6-ba06-a8f89fd38ad9,,3.78069100,710.01000000,buy,limit
received,2018-08-03T01:25:45.255000Z,BCH-USD,5070108063,6256c43b-c759-4f2d-883d-b20e7f893bff,,0.40806900,707.87000000,buy,limit
received,2018-08-03T01:25:45.270000Z,BCH-USD,5070108067,05a0f18b-9089-470d-ae74-ae45f4b6a018,,1.93252500,706.19000000,buy,limit
received,2018-08-03T01:25:45.272000Z,BCH-USD,5070108069,5031583a-b560-48f8-bdb4-08e75d2bf2b7,,1.90000000,712.99000000,sell,limit
received,2018-08-03T01:25:45.276000Z,BCH-USD,5070108071,3135f9af-4b24-4b08-a8bd-fc0416d5cac9,,4.50000000,712.99000000,sell,limit
received,2018-08-03T01:25:45.285000Z,BCH-USD,5070108074,e5badbe1-aa16-471a-86ef-1875fa6da13a,,0.18815200,713.19000000,sell,limit
received,2018-08-03T01:25:45.296000Z,BCH-USD,5070108077,98847a71-4564-402a-9282-1192722fdade,,1.61802000,714.45000000,sell,limit
received,2018-08-03T01:25:45.299000Z,BCH-USD,5070108079,152d1ea9-b12d-43d9-8c6a-03ec1fbb20a9,,0.90000000,712.98000000,sell,limit
received,2018-08-03T01:25:45.308000Z,BCH-USD,5070108081,0be2f33a-6284-4ed7-a2c5-751ca7607c0c,,1.73965200,714.66000000,sell,limit
received,2018-08-03T01:25:45.355000Z,BCH-USD,5070108084,0712ecbc-b2b5-4934-a5d6-d42ea6177af3,,12.00000000,714.82000000,sell,limit
received,2018-08-03T01:25:45.361000Z,BCH-USD,5070108086,ba129d54-7f37-476f-a23b-31679c679e28,,2.00000000,711.00000000,buy,limit
received,2018-08-03T01:25:45.396000Z,BCH-USD,5070108089,3a6e3ed6-0d77-4703-a66d-bd353c4098f7,,2.00000000,711.10000000,buy,limit
received,2018-08-03T01:25:45.434000Z,BCH-USD,5070108096,d6187bc9-52ec-4b2d-a85a-d8f1894618f6,,3.78069100,710.02000000,buy,limit
received,2018-08-03T01:25:45.437000Z,BCH-USD,5070108099,f2e57b89-0b6d-4ad0-ab53-acea4aab83b7,,4.50000000,712.97000000,sell,limit
received,2018-08-03T01:25:45.441000Z,BCH-USD,5070108102,a35f24c5-6e58-486f-aae8-aa4c474203db,,0.90000000,712.99000000,sell,limit
received,2018-08-03T01:25:45.445000Z,BCH-USD,5070108105,ccb1be66-2b32-482c-b413-d397180373a2,,1.90000000,713.29000000,sell,limit
received,2018-08-03T01:25:45.445000Z,BCH-USD,5070108107,2176162e-45e7-4c6f-a1fb-549bff3973cc,,1.90000000,712.97000000,sell,limit
received,2018-08-03T01:25:45.449000Z,BCH-USD,5070108109,d348b5de-606f-48b8-bc5d-11f96a3c81fe,,4.50000000,712.98000000,sell,limit
received,2018-08-03T01:25:45.458000Z,BCH-USD,5070108112,d99f16c0-4ea1-44f8-909c-2d76105a8af8,,2.00000000,711.10000000,buy,limit
received,2018-08-03T01:25:45.462000Z,BCH-USD,5070108114,cda8cfc5-7be6-4d01-b72c-e44891ad603e,,1.90000000,712.98000000,sell,limit
received,2018-08-03T01:25:45.462000Z,BCH-USD,5070108116,b2d6874f-ed47-4344-b375-e887a8eb94f1,,0.70720000,712.12000000,sell,limit
received,2018-08-03T01:25:45.476000Z,BCH-USD,5070108122,98b4d7c6-f1c0-40df-9b64-341697b2cde5,,1.90000000,713.06000000,sell,limit
received,2018-08-03T01:25:45.480000Z,BCH-USD,5070108125,1f485300-717d-4a33-a1e4-c2ebfc63ccc6,,0.90000000,712.98000000,sell,limit
received,2018-08-03T01:25:45.480000Z,BCH-USD,5070108127,3e95b857-5948-4810-be23-61d8c5e7dd79,,4.50000000,712.99000000,sell,limit
received,2018-08-03T01:25:45.482000Z,BCH-USD,5070108129,b7557ba3-232c-403c-8a3b-32a15b8f4524,,1.90000000,712.99000000,sell,limit
received,2018-08-03T01:25:45.490000Z,BCH-USD,5070108135,d482ec88-c454-44ff-91c4-db0dd57d7511,,3.78069100,710.03000000,buy,limit
received,2018-08-03T01:25:45.497000Z,BCH-USD,5070108138,6a1cbe89-090c-43d1-a373-cd21d2bc7aaf,,0.90000000,712.97000000,sell,limit
received,2018-08-03T01:25:45.504000Z,BCH-USD,5070108140,92941f96-be4b-4200-9207-e2544ddb7824,,4.50000000,712.98000000,sell,limit
received,2018-08-03T01:25:45.507000Z,BCH-USD,5070108143,a4409765-44ab-45ae-9210-4e2c680c61ee,,3.78069100,710.01000000,buy,limit
received,2018-08-03T01:25:45.507000Z,BCH-USD,5070108145,f9ec0d12-e2ba-4ad5-be19-3436bc82d17f,,1.90000000,713.29000000,sell,limit
received,2018-08-03T01:25:45.511000Z,BCH-USD,5070108148,319343a9-f15b-4d34-ba66-026dc5ed3c3f,,0.90000000,712.99000000,sell,limit
received,2018-08-03T01:25:45.519000Z,BCH-USD,5070108151,16676f63-f2a7-4190-a5f7-905ecec6811e,,1.90000000,712.98000000,sell,limit
received,2018-08-03T01:25:45.525000Z,BCH-USD,5070108154,2f4befcf-6310-4deb-a562-44b6eebc1462,,4.50000000,712.99000000,sell,limit
received,2018-08-03T01:25:45.534000Z,BCH-USD,5070108158,0635286b-5b65-4b29-86d1-57554fdd7b9a,,3.78069100,710.02000000,buy,limit
received,2018-08-03T01:25:45.541000Z,BCH-USD,5070108163,7c1ae586-4f38-4f26-bbee-19e958370932,,1.90000000,713.06000000,sell,limit
received,2018-08-03T01:25:45.542000Z,BCH-USD,5070108165,0526ae10-a7ea-46aa-ad15-2bfaa1277f0a,,1.90000000,712.99000000,sell,limit
received,2018-08-03T01:25:45.545000Z,BCH-USD,5070108167,ac0ea72e-e77c-4f81-a3ec-01cb14361ee0,,2.00000000,711.00000000,buy,limit
received,2018-08-03T01:25:45.553000Z,BCH-USD,5070108170,723dcf2e-96b5-4b27-aee8-aa743fbb04c5,,0.90000000,712.98000000,sell,limit
received,2018-08-03T01:25:45.556000Z,BCH-USD,5070108172,12e93405-1afe-4624-a30e-e67f8b7a09c3,,1.90000000,713.29000000,sell,limit
received,2018-08-03T01:25:45.561000Z,BCH-USD,5070108176,82b147ea-b629-4b0e-8818-393d567dcd18,,4.50000000,712.98000000,sell,limit
received,2018-08-03T01:25:45.576000Z,BCH-USD,5070108179,4bfeadbc-3f73-4956-ad42-7986bfd47422,,2.00000000,711.10000000,buy,limit
received,2018-08-03T01:25:45.608000Z,BCH-USD,5070108185,c5f0043c-2169-45e3-8fde-4444b8c7a5b8,,3.78069100,710.01000000,buy,limit
received,2018-08-03T01:25:45.615000Z,BCH-USD,5070108187,3a8408ec-b37b-4f9c-970d-6f2bf20a8e38,,1.90000000,712.98000000,sell,limit
received,2018-08-03T01:25:45.623000Z,BCH-USD,5070108190,a9b6115f-8505-4f6c-8dc5-5359e3989caa,,2.00000000,711.10000000,buy,limit
received,2018-08-03T01:25:45.629000Z,BCH-USD,5070108192,90b0f814-1402-4e02-8be0-581e06501fe3,,0.90000000,712.99000000,sell,limit
received,2018-08-03T01:25:45.631000Z,BCH-USD,5070108195,67a380c7-4e2a-4652-ad35-3261e30ad8c4,,4.50000000,712.99000000,sell,limit
received,2018-08-03T01:25:45.638000Z,BCH-USD,5070108197,69b80b26-e5c9-4624-94da-adc1d72d47bd,,3.78069100,710.02000000,buy,limit
received,2018-08-03T01:25:45.642000Z,BCH-USD,5070108201,0ddc019c-f0e7-40b2-833a-43a111250b67,,1.90000000,712.99000000,sell,limit
received,2018-08-03T01:25:45.645000Z,BCH-USD,5070108204,6d3823cb-572f-422a-93e9-cd1a94e6b4d1,,1.90000000,713.06000000,sell,limit
received,2018-08-03T01:25:45.651000Z,BCH-USD,5070108207,aa7e62f3-cc7e-4c0d-91eb-02398415f057,,0.90000000,712.98000000,sell,limit
received,2018-08-03T01:25:45.652000Z,BCH-USD,5070108209,154f6078-75eb-46c9-8d0d-5aed83fb4afe,,4.50000000,712.98000000,sell,limit
received,2018-08-03T01:25:45.663000Z,BCH-USD,5070108214,008198c4-5500-4fda-b205-9c665601a9f0,,3.78069100,710.01000000,buy,limit
received,2018-08-03T01:25:45.667000Z,BCH-USD,5070108216,ebdd988b-b9ab-41e8-a374-f91bce41049f,,1.90000000,713.29000000,sell,limit
received,2018-08-03T01:25:45.668000Z,BCH-USD,5070108218,de264dd8-70d8-4e38-bbd8-72626c348cf4,,4.50000000,712.99000000,sell,limit
received,2018-08-03T01:25:45.676000Z,BCH-USD,5070108221,f63471c8-7115-4e12-9c43-450debe181c3,,0.90000000,712.99000000,sell,limit
received,2018-08-03T01:25:45.683000Z,BCH-USD,5070108223,26226982-8bc5-429d-b43f-cc13a8bacb26,,1.90000000,712.97000000,sell,limit
received,2018-08-03T01:25:45.686000Z,BCH-USD,5070108225,af0c8755-80c4-4f2f-9988-0a59109fe33b,,3.78069100,710.02000000,buy,limit
received,2018-08-03T01:25:45.693000Z,BCH-USD,5070108231,f3b9e725-1229-42c0-a9a3-19cea1f7941d,,1.90000000,712.98000000,sell,limit
received,2018-08-03T01:25:45.694000Z,BCH-USD,5070108233,238a19eb-18ab-445e-b7e7-7960c5aafec9,,0.90000000,712.98000000,sell,limit
received,2018-08-03T01:25:45.698000Z,BCH-USD,5070108236,b4d8e2c8-9f85-4e09-9aa2-d9c6f6872114,,1.90000000,713.06000000,sell,limit
received,2018-08-03T01:25:45.701000Z,BCH-USD,5070108239,989dfd23-67f8-4e84-9591-af69594bf794,,3.78069100,710.01000000,buy,limit
received,2018-08-03T01:25:45.709000Z,BCH-USD,5070108242,4b5d41e3-9296-457a-89f0-8a8fa00d0ad7,,4.50000000,712.98000000,sell,limit
received,2018-08-03T01:25:45.718000Z,BCH-USD,5070108249,24035d7f-82c7-4cee-b609-7d4766ad68f0,,1.90000000,712.99000000,sell,limit
received,2018-08-03T01:25:45.723000Z,BCH-USD,5070108251,d6f22fdb-19f1-49c0-a7c5-90fd6644f192,,4.50000000,712.97000000,sell,limit
received,2018-08-03T01:25:45.725000Z,BCH-USD,5070108253,f563c84d-e79d-4e8e-b967-6ac0d73e1887,,1.90000000,713.29000000,sell,limit
received,2018-08-03T01:25:45.726000Z,BCH-USD,5070108256,8fa85097-4341-47a5-89c2-911b78a744be,,0.90000000,712.99000000,sell,limit
received,2018-08-03T01:25:45.732000Z,BCH-USD,5070108258,d7160853-84a1-4649-a18e-5a4dc60ce559,,7.23430000,704.38000000,buy,limit
received,2018-08-03T01:25:45.734000Z,BCH-USD,5070108261,c3edf45d-530e-49ef-99fb-fd242b302f5b,,3.78069100,710.02000000,buy,limit
received,2018-08-03T01:25:45.735000Z,BCH-USD,5070108263,4d57d178-ba5c-4845-9482-3bf85e2533ed,,0.90000000,710.59000000,buy,limit
received,2018-08-03T01:25:45.739000Z,BCH-USD,5070108266,e6e48bca-66ef-4046-8457-15551a8b9b5e,,1.90000000,713.06000000,sell,limit
received,2018-08-03T01:25:45.744000Z,BCH-USD,5070108268,0fec17a7-c2fb-4982-9057-131704c317b3,,4.50000000,712.99000000,sell,limit
received,2018-08-03T01:25:45.751000Z,BCH-USD,5070108271,979a3156-24ac-41cd-9576-d2bab70baccd,,3.78069100,710.01000000,buy,limit
received,2018-08-03T01:25:45.755000Z,BCH-USD,5070108275,db3bc4f7-6412-4f0a-a086-992ce1e26c99,,1.90000000,713.29000000,sell,limit
received,2018-08-03T01:25:45.763000Z,BCH-USD,5070108279,e0534e81-38fd-49ff-9e02-7e2aa40fb047,,0.90000000,712.98000000,sell,limit
received,2018-08-03T01:25:45.765000Z,BCH-USD,5070108281,6938bd9d-ba12-442f-aa9b-6c056442d82a,,1.90000000,712.98000000,sell,limit
received,2018-08-03T01:25:45.770000Z,BCH-USD,5070108285,65ab1285-01b8-4371-b7e6-c6d070f17422,,1.90000000,713.06000000,sell,limit
received,2018-08-03T01:25:45.771000Z,BCH-USD,5070108289,32c00550-c936-4955-9f6e-508cacd714b7,,3.78069100,710.02000000,buy,limit
received,2018-08-03T01:25:45.779000Z,BCH-USD,5070108294,2714deed-5f20-41f4-bc2a-7be8740a826f,,1.90000000,712.99000000,sell,limit
received,2018-08-03T01:25:45.779000Z,BCH-USD,5070108296,300a8af3-370a-4365-b401-a308f60bcf60,,0.90000000,712.99000000,sell,limit
received,2018-08-03T01:25:45.782000Z,BCH-USD,5070108298,c5dff334-85d7-4e49-9a8c-502cd95daf43,,4.50000000,712.98000000,sell,limit
received,2018-08-03T01:25:45.785000Z,BCH-USD,5070108300,d270bce6-23b7-4d2b-ac1d-bab39ced466e,,1.90000000,713.29000000,sell,limit
received,2018-08-03T01:25:45.787000Z,BCH-USD,5070108303,5f5e9302-8598-4912-92e8-4a7a1bab3759,,3.78069100,710.01000000,buy,limit
received,2018-08-03T01:25:45.799000Z,BCH-USD,5070108312,5ae5966b-dd14-4788-9669-417c7dd5d10f,,4.50000000,712.99000000,sell,limit
received,2018-08-03T01:25:45.802000Z,BCH-USD,5070108314,5d434483-8538-463f-8732-425ae0a680ac,,10.50400000,712.56000000,sell,limit
received,2018-08-03T01:25:45.805000Z,BCH-USD,5070108316,c0716484-9bed-4eba-9b18-1d9132fa8195,,10.41400000,710.91000000,buy,limit
received,2018-08-03T01:25:45.806000Z,BCH-USD,5070108318,eff11849-5d0a-4441-9579-8555d1670a47,,1.90000000,712.98000000,sell,limit
received,2018-08-03T01:25:45.807000Z,BCH-USD,5070108320,d3abe936-c6ce-4c28-8beb-ee1bf9e8bda7,,20.00000000,707.76000000,buy,limit
received,2018-08-03T01:25:45.808000Z,BCH-USD,5070108322,962b1cce-1cd7-478b-9814-b18eafb6b800,,0.90000000,712.98000000,sell,limit
received,2018-08-03T01:25:45.811000Z,BCH-USD,5070108324,2bebc7b0-7737-479a-bf9d-abb0566fade5,,0.90000000,710.40000000,buy,limit
received,2018-08-03T01:25:45.811000Z,BCH-USD,5070108326,15d7dbd0-8f11-4ea3-ad60-e0ee76dc1a1d,,1.90000000,713.06000000,sell,limit
received,2018-08-03T01:25:45.817000Z,BCH-USD,5070108332,98b4561a-f7be-420e-ab4c-17e8e357427d,,3.78069100,710.02000000,buy,limit
received,2018-08-03T01:25:45.822000Z,BCH-USD,5070108335,764c3b37-849b-4e53-a8dc-98164bd8a6c7,,1.90000000,712.99000000,sell,limit
received,2018-08-03T01:25:45.823000Z,BCH-USD,5070108337,f2fb4f65-ac24-4065-8b68-fe4cfb1c9599,,0.90000000,712.99000000,sell,limit
received,2018-08-03T01:25:45.825000Z,BCH-USD,5070108339,0962b278-7279-4812-9f9f-90cdbb5e0c67,,1.90000000,713.29000000,sell,limit
received,2018-08-03T01:25:45.826000Z,BCH-USD,5070108341,7ed1838d-ca7c-4f70-81c2-f58b0c98f715,,0.90000000,712.55000000,sell,limit
received,2018-08-03T01:25:45.829000Z,BCH-USD,5070108343,f65f016b-1ef9-47b7-9596-83bc02458669,,3.78069100,710.01000000,buy,limit
received,2018-08-03T01:25:45.839000Z,BCH-USD,5070108350,b70cae84-2609-4061-abe9-20ea84322011,,4.50000000,712.98000000,sell,limit
received,2018-08-03T01:25:45.841000Z,BCH-USD,5070108352,6da07e97-ef7b-4ba0-9cf6-d080b7b04cdc,,0.90000000,712.98000000,sell,limit
received,2018-08-03T01:25:45.847000Z,BCH-USD,5070108357,44894e55-ce22-4644-b1c5-084fc9eec311,,1.90000000,713.06000000,sell,limit
received,2018-08-03T01:25:45.853000Z,BCH-USD,5070108359,c70ad8f6-b84b-4d26-be47-031e0a1cc4cd,,3.78069100,710.02000000,buy,limit
received,2018-08-03T01:25:45.856000Z,BCH-USD,5070108362,11667c72-ffa7-4010-b59d-fb0f35413a1b,,0.90000000,710.91000000,buy,limit
received,2018-08-03T01:25:45.860000Z,BCH-USD,5070108364,2a769340-ae59-46d1-9b9e-63f4626a0ba9,,0.90000000,712.99000000,sell,limit
received,2018-08-03T01:25:45.868000Z,BCH-USD,5070108366,f46ae8d4-c89d-4c0e-8d57-60f871f3b00a,,1.90000000,713.29000000,sell,limit
received,2018-08-03T01:25:45.873000Z,BCH-USD,5070108369,7e3cc722-1d82-4654-8f29-2db82ef0a241,,4.50000000,712.99000000,sell,limit
received,2018-08-03T01:25:45.883000Z,BCH-USD,5070108371,01729ec2-a8bc-412a-ad47-49a00cacb7e9,,1.90000000,712.98000000,sell,limit
received,2018-08-03T01:25:45.895000Z,BCH-USD,5070108377,aeccc394-1f09-486b-8231-95bbf758d6f8,,1.90000000,713.06000000,sell,limit
received,2018-08-03T01:25:45.899000Z,BCH-USD,5070108380,a9bf1d4a-d4ef-446c-8afd-6299ba92daab,,3.78069100,710.03000000,buy,limit
received,2018-08-03T01:25:45.904000Z,BCH-USD,5070108385,858a3a2b-077a-4a8d-b866-199101e34237,,4.50000000,712.98000000,sell,limit
received,2018-08-03T01:25:45.907000Z,BCH-USD,5070108387,3094fecc-f48c-42aa-a138-4a36b56cff87,,0.90000000,712.98000000,sell,limit
received,2018-08-03T01:25:45.909000Z,BCH-USD,5070108389,3e476df0-da2c-4b86-9b83-ac48d2040155,,1.90000000,713.29000000,sell,limit
received,2018-08-03T01:25:45.912000Z,BCH-USD,5070108393,8fa81787-4637-4d80-a76e-1a000c0d9ef6,,1.90000000,712.99000000,sell,limit
received,2018-08-03T01:25:45.915000Z,BCH-USD,5070108395,15c41a60-6ad4-43d1-a32b-577551600aab,,3.78069100,710.01000000,buy,limit
received,2018-08-03T01:25:45.919000Z,BCH-USD,5070108397,07923dbc-e0e1-424a-9418-ab5c873a8110,,0.90000000,712.99000000,sell,limit
received,2018-08-03T01:25:45.920000Z,BCH-USD,5070108399,4b55724c-66a6-42d4-ba84-37ddff9d73da,,2.00000000,711.22000000,buy,limit
received,2018-08-03T01:25:45.923000Z,BCH-USD,5070108401,14b5282c-18ee-405d-8479-b3286bdb7835,,0.70720000,712.50000000,sell,limit
received,2018-08-03T01:25:45.926000Z,BCH-USD,5070108403,9d6c5ce2-735e-4d82-bd87-d88a2751df2c,,4.50000000,712.99000000,sell,limit
received,2018-08-03T01:25:45.927000Z,BCH-USD,5070108405,a1fdd77f-3b50-4168-bf34-0c51761a8abd,,0.11586000,704.73000000,buy,limit
received,2018-08-03T01:25:45.934000Z,BCH-USD,5070108410,81165cbc-8358-4e2d-8e90-0f966c0e6492,,3.78069100,710.02000000,buy,limit
received,2018-08-03T01:25:45.941000Z,BCH-USD,5070108413,17d4787d-64c1-42be-9865-6a6ad60ec83a,,4.50000000,712.98000000,sell,limit
received,2018-08-03T01:25:45.945000Z,BCH-USD,5070108415,b4e09aea-6cd7-43b3-956d-fa4710bd99f5,,1.90000000,712.98000000,sell,limit
received,2018-08-03T01:25:45.951000Z,BCH-USD,5070108419,41d8c21e-22ef-45c4-92cb-1a8a73471449,,3.78069100,710.01000000,buy,limit
received,2018-08-03T01:25:45.968000Z,BCH-USD,5070108424,08c12bcf-d436-44fb-8728-7a642d1313d5,,2.00000000,711.10000000,buy,limit
received,2018-08-03T01:25:45.980000Z,BCH-USD,5070108427,3daa2a72-6597-49f3-b29d-2581720524b3,,0.70720000,712.50000000,sell,limit
received,2018-08-03T01:25:45.983000Z,BCH-USD,5070108429,3c2c3187-f8fb-437e-aad8-5f4bc85340e6,,2.00000000,711.22000000,buy,limit
received,2018-08-03T01:25:46.006000Z,BCH-USD,5070108433,d1e0270d-641b-4a3d-a50a-031b698ba92e,,1.90000000,712.97000000,sell,limit
received,2018-08-03T01:25:46.009000Z,BCH-USD,5070108435,d059ea49-e663-4f4e-b230-9535501ff52e,,4.50000000,712.99000000,sell,limit
received,2018-08-03T01:25:46.013000Z,BCH-USD,5070108438,70b401c2-08c4-41c6-b267-e27463b9c3a2,,3.78069100,710.02000000,buy,limit
received,2018-08-03T01:25:46.019000Z,BCH-USD,5070108440,853906b6-761e-41ce-8570-deb083fd6240,,1.90000000,712.99000000,sell,limit
received,2018-08-03T01:25:46.030000Z,BCH-USD,5070108443,f10f8234-424f-4c68-b2ce-176a41140e11,,3.78069100,710.01000000,buy,limit
received,2018-08-03T01:25:46.033000Z,BCH-USD,5070108445,aa2afdd4-58a0-492d-8eab-9b207f9e45ad,,0.70720000,712.50000000,sell,limit
received,2018-08-03T01:25:46.045000Z,BCH-USD,5070108451,b8436157-cf37-417c-84b3-b4e3130bc199,,4.50000000,712.98000000,sell,limit
received,2018-08-03T01:25:46.052000Z,BCH-USD,5070108454,ffefbb75-c820-43db-9e77-7b138806cf95,,3.78069100,710.02000000,buy,limit
received,2018-08-03T01:25:46.057000Z,BCH-USD,5070108458,f9950bed-f993-44cf-8b2f-699ec7397ae6,,0.90000000,712.98000000,sell,limit
received,2018-08-03T01:25:46.059000Z,BCH-USD,5070108460,bd8af28d-460f-411c-89b2-e6ca67d09e8a,,4.50000000,712.99000000,sell,limit
received,2018-08-03T01:25:46.061000Z,BCH-USD,5070108462,be9c4e8c-d95d-4911-bc56-36e768fc65ce,,1.90000000,713.06000000,sell,limit
received,2018-08-03T01:25:46.066000Z,BCH-USD,5070108467,0335e619-bd9c-4c5f-8f40-3993824e8361,,1.90000000,712.98000000,sell,limit
received,2018-08-03T01:25:46.071000Z,BCH-USD,5070108469,15d1c9b2-2999-4f86-8b7b-b404d03dff91,,11.97000000,708.44000000,buy,limit
received,2018-08-03T01:25:46.072000Z,BCH-USD,5070108471,a0d57820-ba39-4e0d-9638-dbe0eea7b59a,,8.44970000,719.42000000,sell,limit
received,2018-08-03T01:25:46.078000Z,BCH-USD,5070108473,212e3885-3ac2-418f-9729-3f626644f03b,,3.78069100,710.01000000,buy,limit
received,2018-08-03T01:25:46.084000Z,BCH-USD,5070108476,56a22f1c-6867-45c9-b5b8-9cf9e22b3a17,,4.50000000,712.98000000,sell,limit
received,2018-08-03T01:25:46.090000Z,BCH-USD,5070108479,eea01003-9e16-4bf3-b7ae-ade7eba2502a,,1.90000000,713.29000000,sell,limit
received,2018-08-03T01:25:46.094000Z,BCH-USD,5070108481,51475000-b545-4d7b-bb39-c4b3847e5ac5,,1.90000000,712.99000000,sell,limit
received,2018-08-03T01:25:46.098000Z,BCH-USD,5070108484,44374549-824e-49e8-a37b-9b393472c5d9,,4.50000000,712.99000000,sell,limit
received,2018-08-03T01:25:46.103000Z,BCH-USD,5070108486,a0c2884f-cc52-42c2-bcd0-30c2ab0205b8,,2.04203723,712.49000000,sell,limit
received,2018-08-03T01:25:46.107000Z,BCH-USD,5070108490,7e3d0fd7-96d8-4165-82fc-3f52bbc07725,,3.78069100,710.02000000,buy,limit
received,2018-08-03T01:25:46.112000Z,BCH-USD,5070108492,41d81d6f-22f1-4751-8c7f-2ea4689dcef5,,4.50000000,712.98000000,sell,limit
received,2018-08-03T01:25:46.120000Z,BCH-USD,5070108496,51b230dc-d27d-48c6-bebb-dc3058a460af,,1.90000000,712.98000000,sell,limit
received,2018-08-03T01:25:46.131000Z,BCH-USD,5070108498,f6da9d44-14ad-4d3a-b92d-d6dd9f351ff6,,3.78069100,710.01000000,buy,limit
received,2018-08-03T01:25:46.146000Z,BCH-USD,5070108501,378076fd-7ed5-4366-9666-2ad0d9bd226a,,4.50000000,712.99000000,sell,limit
received,2018-08-03T01:25:46.148000Z,BCH-USD,5070108504,87c72e54-40a0-4baf-b04c-84530870f0d4,,0.90000000,712.99000000,sell,limit
received,2018-08-03T01:25:46.149000Z,BCH-USD,5070108506,56dd8f2a-bea6-421e-ba5e-4120dfe5c855,,3.78069100,710.02000000,buy,limit
received,2018-08-03T01:25:46.157000Z,BCH-USD,5070108510,64f209f4-cb11-44c1-aab4-6730260b0e3e,,1.90000000,712.99000000,sell,limit
received,2018-08-03T01:25:46.170000Z,BCH-USD,5070108517,a6fac1eb-cb1d-47c7-bddd-c1dfdbe14b81,,1.90000000,713.06000000,sell,limit
received,2018-08-03T01:25:46.173000Z,BCH-USD,5070108520,32f16ecc-e702-4884-8010-1a22d6e7202a,,3.78069100,710.01000000,buy,limit
received,2018-08-03T01:25:46.176000Z,BCH-USD,5070108523,45a3ea18-11fc-4486-aebc-bff200d64846,,4.50000000,712.98000000,sell,limit
received,2018-08-03T01:25:46.197000Z,BCH-USD,5070108530,f830bf44-f9ec-4917-8dc7-21c76ca29ada,,1.90000000,713.29000000,sell,limit
received,2018-08-03T01:25:46.200000Z,BCH-USD,5070108532,b38c3538-687b-4d74-94cc-e6906ae7c825,,3.78069100,710.02000000,buy,limit
received,2018-08-03T01:25:46.203000Z,BCH-USD,5070108534,d6f1d388-0378-4a5e-8a77-eb6f004f9911,,4.50000000,712.99000000,sell,limit
received,2018-08-03T01:25:46.207000Z,BCH-USD,5070108537,73621553-182f-4ef9-8046-c6192fc24544,,0.90000000,712.98000000,sell,limit
received,2018-08-03T01:25:46.211000Z,BCH-USD,5070108542,f4eb9512-fe4f-4471-b107-4ef9b0076192,,0.35105300,708.50000000,buy,limit
received,2018-08-03T01:25:46.213000Z,BCH-USD,5070108544,c41d43c3-ab61-400b-b9c8-abb7611f11fc,,3.78069100,710.01000000,buy,limit
received,2018-08-03T01:25:46.218000Z,BCH-USD,5070108546,57da991e-bd02-42fb-a3d6-b3b3f9ae9ef8,,0.90000000,712.99000000,sell,limit
received,2018-08-03T01:25:46.220000Z,BCH-USD,5070108548,a647276a-707b-4094-8895-3fdab9378884,,4.50000000,712.98000000,sell,limit
received,2018-08-03T01:25:46.224000Z,BCH-USD,5070108553,205e4c5b-c35d-4f1f-b51c-634a5c98de12,,0.36421100,708.08000000,buy,limit
received,2018-08-03T01:25:46.224000Z,BCH-USD,5070108555,db378050-d5d6-477b-824c-e5736d40ab3f,,1.90000000,712.98000000,sell,limit
received,2018-08-03T01:25:46.228000Z,BCH-USD,5070108557,3fbfcbf7-339c-400b-bea9-aedddcc72a22,,3.78069100,710.02000000,buy,limit
received,2018-08-03T01:25:46.232000Z,BCH-USD,5070108560,50557c05-cf93-4970-bbfc-07411d3d4a52,,0.90000000,712.98000000,sell,limit
received,2018-08-03T01:25:46.233000Z,BCH-USD,5070108562,09088517-5ec7-42a3-a374-ccc87f12bfb7,,1.90000000,713.06000000,sell,limit
received,2018-08-03T01:25:46.235000Z,BCH-USD,5070108564,60791a49-bc7d-4cd5-9660-e75800f44eee,,0.71602800,707.87000000,buy,limit
received,2018-08-03T01:25:46.242000Z,BCH-USD,5070108567,b2c66c25-44df-4436-8ba1-7fc80b0d77d5,,1.90000000,712.99000000,sell,limit
received,2018-08-03T01:25:46.245000Z,BCH-USD,5070108569,a8154a55-41c2-40ae-9c66-33a2067560c7,,1.90000000,713.29000000,sell,limit
received,2018-08-03T01:25:46.254000Z,BCH-USD,5070108574,19f416cc-8d76-42cd-946e-addde9de1669,,1.45663900,706.19000000,buy,limit
received,2018-08-03T01:25:46.257000Z,BCH-USD,5070108576,24caf3e1-c6f9-43bc-b5f2-224764d90b55,,1.90000000,712.97000000,sell,limit
received,2018-08-03T01:25:46.258000Z,BCH-USD,5070108578,0a99e469-7591-46c4-96c0-3cca0dfd4afd,,1.90000000,713.06000000,sell,limit
received,2018-08-03T01:25:46.261000Z,BCH-USD,5070108580,3985da5f-9507-44fd-a189-47d719023435,,4.50000000,712.97000000,sell,limit
received,2018-08-03T01:25:46.271000Z,BCH-USD,5070108587,2b648a01-915d-4f63-bf56-597fd031a845,,1.90000000,712.99000000,sell,limit
received,2018-08-03T01:25:46.272000Z,BCH-USD,5070108589,914fec75-a6fa-4972-bd16-c9837500b629,,0.15574900,713.19000000,sell,limit
received,2018-08-03T01:25:46.273000Z,BCH-USD,5070108591,fb151604-0a0f-4223-9cdd-ac36a60df7fd,,1.90000000,713.29000000,sell,limit
received,2018-08-03T01:25:46.276000Z,BCH-USD,5070108593,2cdc9ce7-ef9e-4de0-823a-bf73c3bf25e9,,4.50000000,712.99000000,sell,limit
received,2018-08-03T01:25:46.277000Z,BCH-USD,5070108595,d4c959df-51b3-4fca-ac9c-7cba2b55c651,,0.90000000,712.99000000,sell,limit
received,2018-08-03T01:25:46.287000Z,BCH-USD,5070108601,78bd57d0-3ed9-43bf-84b9-b201579e4007,,3.78069100,710.03000000,buy,limit
received,2018-08-03T01:25:46.291000Z,BCH-USD,5070108605,f27b5cbc-83aa-405a-87aa-602f36cd456c,,1.90000000,713.06000000,sell,limit
received,2018-08-03T01:25:46.293000Z,BCH-USD,5070108607,df7e011f-4f2f-4acf-94b2-521c81038bf4,,0.90000000,712.98000000,sell,limit
received,2018-08-03T01:25:46.293000Z,BCH-USD,5070108609,9d1a88ce-bbe9-498b-beda-59ec050e8801,,1.90000000,712.98000000,sell,limit
received,2018-08-03T01:25:46.296000Z,BCH-USD,5070108611,68a87e31-ae31-45bb-96c6-e0b7158cc5b3,,4.50000000,712.98000000,sell,limit
received,2018-08-03T01:25:46.297000Z,BCH-USD,5070108613,b5345d62-9004-4da5-9e58-dd5b3dd0d8c3,,1.40181500,714.45000000,sell,limit
received,2018-08-03T01:25:46.304000Z,BCH-USD,5070108619,8f70c89f-8e86-4fa4-bd5f-4cddc63697be,,2.00000000,711.22000000,buy,limit
received,2018-08-03T01:25:46.305000Z,BCH-USD,5070108621,b60faac3-d9b8-41aa-8e34-2772fc4758f5,,1.90000000,713.29000000,sell,limit
received,2018-08-03T01:25:46.307000Z,BCH-USD,5070108624,514c638c-2733-40e2-838c-04699e782f83,,1.90000000,712.99000000,sell,limit
received,2018-08-03T01:25:46.310000Z,BCH-USD,5070108626,39f77ba3-9126-4ef2-baf2-7d0d2b6f5499,,4.50000000,712.99000000,sell,limit
received,2018-08-03T01:25:46.311000Z,BCH-USD,5070108629,f6e56b2f-42a2-475f-822c-8219e7c4797a,,1.98826000,714.66000000,sell,limit
received,2018-08-03T01:25:46.316000Z,BCH-USD,5070108631,f8f7617a-3f8c-4a4e-981a-0ffd5f2e652b,,0.90000000,712.99000000,sell,limit
received,2018-08-03T01:25:46.318000Z,BCH-USD,5070108635,34f76614-db80-4f8e-a79b-6151a6c02dc7,,3.78069100,710.04000000,buy,limit
received,2018-08-03T01:25:46.318000Z,BCH-USD,5070108637,1324dd9f-5562-4513-a67d-a249b1c29104,,10.28000000,714.82000000,sell,limit
received,2018-08-03T01:25:46.326000Z,BCH-USD,5070108641,170b3ce2-3113-48a7-8bac-08ca2a6df782,,1.90000000,713.06000000,sell,limit
received,2018-08-03T01:25:46.328000Z,BCH-USD,5070108643,6801113f-9a24-4c2a-993c-2247d9d45995,,4.50000000,712.98000000,sell,limit
received,2018-08-03T01:25:46.329000Z,BCH-USD,5070108645,200f9513-addf-4ebf-8dae-5a6b78b35a83,,0.90000000,712.98000000,sell,limit
received,2018-08-03T01:25:46.331000Z,BCH-USD,5070108647,c3f4b343-791e-40c7-ae3b-78de69273f77,,1.90000000,712.98000000,sell,limit
received,2018-08-03T01:25:46.344000Z,BCH-USD,5070108653,141406c2-5e9f-4d97-ac56-90ac5120892c,,1.90000000,713.29000000,sell,limit
received,2018-08-03T01:25:46.349000Z,BCH-USD,5070108655,7f242816-f228-4ca4-bae3-a8eb492d9cce,,0.90000000,712.99000000,sell,limit
received,2018-08-03T01:25:46.353000Z,BCH-USD,5070108658,6ca062f4-b7b2-4bdf-801f-44a844bc7f94,,1.90000000,712.99000000,sell,limit
received,2018-08-03T01:25:46.356000Z,BCH-USD,5070108660,7d043fc5-172a-45fc-8ada-a7c1bf161ea5,,4.50000000,712.99000000,sell,limit
received,2018-08-03T01:25:46.360000Z,BCH-USD,5070108662,473df0db-79d5-4f08-9d34-b097a36b0a19,,3.78069100,710.05000000,buy,limit
received,2018-08-03T01:25:46.363000Z,BCH-USD,5070108664,e7cdb43e-e53b-403a-90cc-e76dee30e5b1,,0.70720000,712.49000000,sell,limit
received,2018-08-03T01:25:46.370000Z,BCH-USD,5070108669,62f52da5-79bb-453f-ad2b-22da32a705d2,,3.78069100,710.01000000,buy,limit
received,2018-08-03T01:25:46.374000Z,BCH-USD,5070108671,77eb5ffd-13be-4f36-8160-32144b7b2fe3,,4.50000000,712.98000000,sell,limit
received,2018-08-03T01:25:46.381000Z,BCH-USD,5070108677,7e3b4210-7432-44b5-b74c-965f36759010,,1.90000000,713.06000000,sell,limit
received,2018-08-03T01:25:46.385000Z,BCH-USD,5070108680,a1c68a3e-e0cf-4d85-95e2-fb3cf0a69f37,,0.90000000,712.98000000,sell,limit
received,2018-08-03T01:25:46.389000Z,BCH-USD,5070108682,6c05a007-5bf8-4fa3-95e3-73bb7c721d4b,,1.90000000,712.98000000,sell,limit
received,2018-08-03T01:25:46.394000Z,BCH-USD,5070108686,15243e1c-7598-4b9e-8dbd-8e98d4f47da2,,3.78069100,710.02000000,buy,limit
received,2018-08-03T01:25:46.401000Z,BCH-USD,5070108689,a8c9038a-23a8-4e7d-91fa-fbc0c1a1231a,,4.50000000,712.99000000,sell,limit
received,2018-08-03T01:25:46.402000Z,BCH-USD,5070108691,94bd9b36-1b3b-477e-b6c9-ac8e1366e038,,1.90000000,713.29000000,sell,limit
received,2018-08-03T01:25:46.405000Z,BCH-USD,5070108693,5636d32f-9e33-4f7b-a14b-83c400e942eb,,0.90000000,712.99000000,sell,limit
received,2018-08-03T01:25:46.529000Z,BCH-USD,5070108698,25d1416d-ca89-4e80-b8ee-6897fcc21a8a,,1.90000000,712.99000000,sell,limit
received,2018-08-03T01:25:46.537000Z,BCH-USD,5070108700,9ebbdda1-6b97-4615-a8e2-4b8b8b3f0590,,1.90000000,713.06000000,sell,limit
received,2018-08-03T01:25:46.537000Z,BCH-USD,5070108702,73a68919-880b-4d21-9620-2c798db39648,,3.78069100,710.01000000,buy,limit
received,2018-08-03T01:25:46.538000Z,BCH-USD,5070108704,24a9c90f-22e8-4cbf-810e-545c07b67bf2,,0.90000000,712.98000000,sell,limit
received,2018-08-03T01:25:46.546000Z,BCH-USD,5070108709,16aeda16-9e41-4221-9788-c0d4dd05a669,,4.50000000,712.98000000,sell,limit
received,2018-08-03T01:25:46.548000Z,BCH-USD,5070108711,be82e899-f968-448e-ac53-1c753d0963be,,1.90000000,713.29000000,sell,limit
received,2018-08-03T01:25:46.552000Z,BCH-USD,5070108714,24b24235-097a-4920-826b-27328b6ec7a6,,0.90000000,712.99000000,sell,limit
received,2018-08-03T01:25:46.552000Z,BCH-USD,5070108716,c15c6767-958a-4ced-ad98-71b67b5bb711,,3.78069100,710.02000000,buy,limit
received,2018-08-03T01:25:46.559000Z,BCH-USD,5070108719,2fa01ba1-f92a-4b72-bd20-f2a198ae1417,,4.50000000,712.99000000,sell,limit
received,2018-08-03T01:25:46.566000Z,BCH-USD,5070108722,7903a5b4-df1e-42b2-adce-03d202eb06c3,,1.90000000,712.98000000,sell,limit
received,2018-08-03T01:25:46.571000Z,BCH-USD,5070108726,a2a96d67-bd34-4a82-a70f-3cd6803d0ef0,,3.78069100,710.01000000,buy,limit
received,2018-08-03T01:25:46.578000Z,BCH-USD,5070108729,936e0884-e0b2-44c3-9125-33041666a4b2,,4.50000000,712.98000000,sell,limit
received,2018-08-03T01:25:46.578000Z,BCH-USD,5070108731,ebcbb10d-8b88-43aa-b230-163572b8298d,,0.90000000,712.98000000,sell,limit
received,2018-08-03T01:25:46.584000Z,BCH-USD,5070108735,172985f8-66ab-4be8-b470-05d1226edc37,,1.90000000,713.06000000,sell,limit
received,2018-08-03T01:25:46.587000Z,BCH-USD,5070108737,0f7818fb-1190-4a9c-a8a0-d4288356a234,,1.90000000,712.99000000,sell,limit
received,2018-08-03T01:25:46.591000Z,BCH-USD,5070108740,d2b9baf8-b73e-49c0-85c5-6f615dc34fe2,,4.50000000,712.99000000,sell,limit
received,2018-08-03T01:25:46.595000Z,BCH-USD,5070108743,87b55863-cdf4-4196-a91d-d1fcf0b7e856,,0.90000000,712.97000000,sell,limit
received,2018-08-03T01:25:46.602000Z,BCH-USD,5070108747,7e55963e-3a79-47d6-93d3-585fd4d5aa91,,1.90000000,713.29000000,sell,limit
received,2018-08-03T01:25:46.608000Z,BCH-USD,5070108750,ea8546ef-7efa-4c9a-95fa-aa0b17931e08,,4.50000000,712.98000000,sell,limit
received,2018-08-03T01:25:46.611000Z,BCH-USD,5070108753,69505cd6-3381-4983-a933-5e55a98f5ced,,0.90000000,712.98000000,sell,limit
received,2018-08-03T01:25:46.616000Z,BCH-USD,5070108756,1828d5de-94e8-4828-852d-8dd46c07c681,,3.78069100,710.02000000,buy,limit
received,2018-08-03T01:25:46.616000Z,BCH-USD,5070108758,95d7c012-9128-4f25-bf2e-f14003b1c965,,1.90000000,713.06000000,sell,limit
received,2018-08-03T01:25:46.623000Z,BCH-USD,5070108761,0d03db96-5864-4803-aa24-83c43da7e9d5,,4.50000000,712.99000000,sell,limit
received,2018-08-03T01:25:46.630000Z,BCH-USD,5070108763,02bec2a1-0b17-42e5-941e-e84e29e5afae,,3.78069100,710.03000000,buy,limit
received,2018-08-03T01:25:46.641000Z,BCH-USD,5070108766,5f021419-0dcc-4565-a2db-295b29fe775a,,3.78069100,710.01000000,buy,limit
received,2018-08-03T01:25:46.652000Z,BCH-USD,5070108771,8c88a84a-899b-4327-a2ff-5874078aca1c,,4.50000000,712.98000000,sell,limit
received,2018-08-03T01:25:46.656000Z,BCH-USD,5070108773,c6ca6263-d062-411b-82e2-716025ceb5d0,,1.90000000,712.98000000,sell,limit
received,2018-08-03T01:25:46.671000Z,BCH-USD,5070108777,f6ee693d-d439-4e8d-90e3-d3b8374f9bc7,,3.78069100,710.02000000,buy,limit
received,2018-08-03T01:25:46.677000Z,BCH-USD,5070108780,4130e612-a37c-4eb9-9235-7160cc0fe996,,1.90000000,712.97000000,sell,limit
received,2018-08-03T01:25:46.682000Z,BCH-USD,5070108783,9ee8fb1b-b667-41a9-8cfb-ae54550fb162,,4.50000000,712.97000000,sell,limit
received,2018-08-03T01:25:46.688000Z,BCH-USD,5070108788,34399d1a-09ca-44f3-b5bd-b7dac4ccf4c2,,1.90000000,712.99000000,sell,limit
received,2018-08-03T01:25:46.690000Z,BCH-USD,5070108790,d7425725-0aac-466c-8e88-571dae7fd003,,1.90000000,713.29000000,sell,limit
received,2018-08-03T01:25:46.691000Z,BCH-USD,5070108792,b91a2888-efb5-4b7b-ac48-6e5a04408576,,3.78069100,710.01000000,buy,limit
received,2018-08-03T01:25:46.702000Z,BCH-USD,5070108795,cd884a82-d8e3-48a4-87c4-21d5790202dc,,0.90000000,712.99000000,sell,limit
received,2018-08-03T01:25:46.710000Z,BCH-USD,5070108797,ded75e8c-cf97-4cc9-b0dc-85cc412f5829,,4.50000000,712.99000000,sell,limit
received,2018-08-03T01:25:46.719000Z,BCH-USD,5070108801,ab82e261-17ca-4ffa-9ead-b19cee2626a0,,3.78069100,710.02000000,buy,limit
received,2018-08-03T01:25:46.722000Z,BCH-USD,5070108803,edd16a37-e4ce-46f4-bada-13f8ef718099,,1.90000000,712.98000000,sell,limit
received,2018-08-03T01:25:46.726000Z,BCH-USD,5070108807,d0bf33fd-9d2d-4f35-9b9e-c3df68290121,,4.50000000,712.98000000,sell,limit
received,2018-08-03T01:25:46.741000Z,BCH-USD,5070108812,75b8903e-48bf-4ec9-963c-03f1b8dbd81f,,3.78069100,710.01000000,buy,limit
received,2018-08-03T01:25:46.745000Z,BCH-USD,5070108814,f633cd04-d606-4f83-8fc4-da3f75686872,,0.90000000,712.98000000,sell,limit
received,2018-08-03T01:25:46.748000Z,BCH-USD,5070108817,ac08a8ef-c60f-4725-82c0-7253c7dd435e,,1.90000000,712.99000000,sell,limit
received,2018-08-03T01:25:46.753000Z,BCH-USD,5070108820,aa6c120c-7bd8-4663-b398-ab946d7950f8,,1.90000000,713.06000000,sell,limit
received,2018-08-03T01:25:46.755000Z,BCH-USD,5070108822,181adab5-b57c-429e-a8e9-9329f306c2bf,,4.50000000,712.99000000,sell,limit
received,2018-08-03T01:25:46.756000Z,BCH-USD,5070108824,2e6d0d6c-412a-452a-87cb-b501d1dadff8,,0.90000000,712.99000000,sell,limit
received,2018-08-03T01:25:46.760000Z,BCH-USD,5070108827,4791c264-79d1-4217-8165-000e1568242b,,3.78069100,710.02000000,buy,limit
received,2018-08-03T01:25:46.765000Z,BCH-USD,5070108831,6dd83be5-a16f-4206-8fc5-efc959222c04,,1.90000000,713.29000000,sell,limit
received,2018-08-03T01:25:46.770000Z,BCH-USD,5070108836,58f0beb7-7aec-4e2d-8e7a-b5d70d399943,,0.90000000,712.98000000,sell,limit
received,2018-08-03T01:25:46.771000Z,BCH-USD,5070108838,8bbbd3f7-4ddc-4a67-a369-5482dc3d0e8e,,3.78069100,710.01000000,buy,limit
received,2018-08-03T01:25:46.776000Z,BCH-USD,5070108840,0547e5f0-1f3b-4a0d-a0a8-a5132067bdb0,,1.90000000,712.98000000,sell,limit
received,2018-08-03T01:25:46.778000Z,BCH-USD,5070108843,5c354c74-d98f-44a0-ba3f-b8415e0c4784,,4.50000000,712.98000000,sell,limit
received,2018-08-03T01:25:46.779000Z,BCH-USD,5070108846,530e24b6-d2b5-4e53-a584-aaee8be1be33,,1.90000000,713.06000000,sell,limit
received,2018-08-03T01:25:46.786000Z,BCH-USD,5070108850,9cbf504c-0a7d-4172-a456-3846e020da2a,,0.90000000,712.99000000,sell,limit
received,2018-08-03T01:25:46.793000Z,BCH-USD,5070108853,c605be10-f9d0-40ba-aaef-c3f903085ce2,,4.50000000,712.99000000,sell,limit
received,2018-08-03T01:25:46.797000Z,BCH-USD,5070108856,7e4114b7-6453-4ceb-840b-e33ca5518f1e,,3.78069100,710.02000000,buy,limit
received,2018-08-03T01:25:46.803000Z,BCH-USD,5070108859,47fbfcb9-d37a-428a-a85b-6e0630b5e178,,1.90000000,713.29000000,sell,limit
received,2018-08-03T01:25:46.805000Z,BCH-USD,5070108861,1f90e887-b388-4686-9622-e52691fafe43,,0.90000000,712.98000000,sell,limit
received,2018-08-03T01:25:46.807000Z,BCH-USD,5070108863,1923fefb-7d74-4fb6-8646-d1f8908b8349,,1.90000000,712.99000000,sell,limit
received,2018-08-03T01:25:46.810000Z,BCH-USD,5070108866,5f271802-5967-421f-87df-19b1993c1566,,3.78069100,710.01000000,buy,limit
received,2018-08-03T01:25:46.815000Z,BCH-USD,5070108869,11810c54-53b0-4d6b-add1-3c5fcd056f1c,,0.90000000,712.99000000,sell,limit
received,2018-08-03T01:25:46.822000Z,BCH-USD,5070108875,e83ace24-23cd-41a4-b438-3684a3357eeb,,1.90000000,712.98000000,sell,limit
