type,time,product_id,sequence,order_id,funds,size,price,side,order_type
done,2018-08-03T01:25:43.964000Z,BCH-USD,5070107401,712.99000000,92597640-3959-4a72-aaa4-3f75fac88a0b,canceled,sell,1.90000000
done,2018-08-03T01:25:43.965000Z,BCH-USD,5070107402,712.99000000,647a1b14-d8c0-4a4d-b037-758c337da8be,canceled,sell,4.50000000
done,2018-08-03T01:25:43.968000Z,BCH-USD,5070107403,713.27000000,5f5b1c4f-5814-4169-9873-f9fdc0efee6c,canceled,sell,1.90000000
done,2018-08-03T01:25:43.969000Z,BCH-USD,5070107404,712.99000000,ce2a5644-dde3-4291-993f-0c258adb52b8,canceled,sell,0.90000000
done,2018-08-03T01:25:43.970000Z,BCH-USD,5070107405,713.29000000,12b86c27-7279-4797-b6d6-901cb1a10365,canceled,sell,12.17000000
done,2018-08-03T01:25:43.984000Z,BCH-USD,5070107416,712.98000000,872d3a97-b3d3-49b6-af68-7bb02100e988,canceled,sell,0.90000000
done,2018-08-03T01:25:43.985000Z,BCH-USD,5070107419,712.98000000,63b9655d-e0f7-4ab3-8526-b9c7bf2522c2,canceled,sell,4.50000000
done,2018-08-03T01:25:43.987000Z,BCH-USD,5070107420,713.06000000,675bd2db-8039-4f13-954a-abd0c5492ba2,canceled,sell,1.90000000
done,2018-08-03T01:25:43.989000Z,BCH-USD,5070107421,712.98000000,ab33eb8e-c71d-4000-b277-e6a9cfa6beb8,canceled,sell,1.90000000
done,2018-08-03T01:25:43.990000Z,BCH-USD,5070107422,710.01000000,e111b3f5-6575-4ba6-aa9a-80a4b3ff3cdc,canceled,buy,3.78069100
done,2018-08-03T01:25:43.994000Z,BCH-USD,5070107425,710.91000000,fd0fe952-0373-4b42-a72e-eb90a65be3ec,canceled,buy,2.00000000
done,2018-08-03T01:25:44.000000Z,BCH-USD,5070107430,712.99000000,0277303d-8260-4b93-b3fe-5475a2724c44,canceled,sell,4.50000000
done,2018-08-03T01:25:44.000000Z,BCH-USD,5070107431,712.99000000,e07be9cd-1330-4e59-923a-9059ce10a7b6,canceled,sell,1.90000000
done,2018-08-03T01:25:44.014000Z,BCH-USD,5070107438,710.02000000,7f693b7a-d2e8-4e9e-af85-32963736f5b8,canceled,buy,3.78069100
done,2018-08-03T01:25:44.018000Z,BCH-USD,5070107439,710.91000000,7784b7f4-c2f5-4414-8bbf-4666a8ff1367,canceled,buy,2.00000000
done,2018-08-03T01:25:44.026000Z,BCH-USD,5070107442,712.98000000,9fb20eb6-6af9-4a4d-bb34-00fe642068e1,canceled,sell,4.50000000
done,2018-08-03T01:25:44.028000Z,BCH-USD,5070107445,712.99000000,a429ea23-b8e7-462b-9225-947aa3049db3,canceled,sell,0.90000000
done,2018-08-03T01:25:44.029000Z,BCH-USD,5070107446,713.27000000,b9282bfb-26bf-4d94-aaa5-f2b9845c091e,canceled,sell,1.90000000
done,2018-08-03T01:25:44.031000Z,BCH-USD,5070107447,712.98000000,37c7541f-b49b-45b8-bdb8-d6c23620f62f,canceled,sell,1.90000000
done,2018-08-03T01:25:44.038000Z,BCH-USD,5070107454,713.06000000,2d07c93f-bc5e-48e1-b15e-d9b851dffa70,canceled,sell,1.90000000
done,2018-08-03T01:25:44.043000Z,BCH-USD,5070107457,712.98000000,cd42a777-6c98-4524-afeb-402d58630fe0,canceled,sell,0.90000000
done,2018-08-03T01:25:44.047000Z,BCH-USD,5070107458,710.01000000,2f205105-9394-4f1f-b526-fb7bf860c9a5,canceled,buy,3.78069100
done,2018-08-03T01:25:44.056000Z,BCH-USD,5070107469,710.02000000,7f3571f6-2b38-4eda-917d-72fde1ef047f,canceled,buy,3.78069100
done,2018-08-03T01:25:44.058000Z,BCH-USD,5070107470,713.27000000,f5d2b1db-f5cd-4974-b960-25feaf0d0a55,canceled,sell,1.90000000
done,2018-08-03T01:25:44.060000Z,BCH-USD,5070107471,712.99000000,10b4164a-9f11-4419-9ba1-c7d4006e5960,canceled,sell,0.90000000
done,2018-08-03T01:25:44.070000Z,BCH-USD,5070107478,712.99000000,aaf3e65c-e9ee-4d6f-b0a9-18b2a534ac39,canceled,sell,1.90000000
done,2018-08-03T01:25:44.072000Z,BCH-USD,5070107479,712.99000000,054e5922-fb7e-4b13-a4c4-5646d298bb57,canceled,sell,4.50000000
done,2018-08-03T01:25:44.081000Z,BCH-USD,5070107482,710.01000000,340fd8ab-c080-403e-bc15-9babd6f45289,canceled,buy,3.78069100
done,2018-08-03T01:25:44.084000Z,BCH-USD,5070107483,712.98000000,d26cb4e7-ccd2-427c-88cf-bb9085941ef2,canceled,sell,1.90000000
done,2018-08-03T01:25:44.088000Z,BCH-USD,5070107486,712.98000000,075e8f93-5da9-46ba-b6c8-942a85fcc896,canceled,sell,4.50000000
done,2018-08-03T01:25:44.089000Z,BCH-USD,5070107487,713.06000000,958b3f83-9023-496a-8c66-b8a4804a652d,canceled,sell,1.90000000
done,2018-08-03T01:25:44.090000Z,BCH-USD,5070107488,712.98000000,e92b7f6f-264d-4c54-9c79-21e0584b3952,canceled,sell,0.90000000
done,2018-08-03T01:25:44.097000Z,BCH-USD,5070107493,710.02000000,2af97f68-bf72-49c0-aa06-acf6ea300aef,canceled,buy,3.78069100
done,2018-08-03T01:25:44.119000Z,BCH-USD,5070107502,712.99000000,40512d95-7887-42a3-815d-db87059f24af,canceled,sell,0.90000000
done,2018-08-03T01:25:44.120000Z,BCH-USD,5070107503,712.99000000,99d27c71-44fc-4bcd-8e5a-5c36ae2fa490,canceled,sell,4.50000000
done,2018-08-03T01:25:44.121000Z,BCH-USD,5070107504,708.44000000,2f86091d-a5e6-4068-9c84-afc7eaeb296e,canceled,buy,13.42000000
done,2018-08-03T01:25:44.121000Z,BCH-USD,5070107505,712.99000000,e0492e9b-4157-4e49-847f-f7241fa9a224,canceled,sell,1.90000000
done,2018-08-03T01:25:44.122000Z,BCH-USD,5070107506,713.27000000,5ae64d3f-2aaf-48e2-b379-ecbfa642cc97,canceled,sell,1.90000000
done,2018-08-03T01:25:44.125000Z,BCH-USD,5070107507,710.01000000,b6e40981-a4d2-48e9-b348-3652154fb5b3,canceled,buy,3.78069100
done,2018-08-03T01:25:44.133000Z,BCH-USD,5070107512,712.98000000,a4411304-8981-4fd8-b49d-88d4ae811495,canceled,sell,4.50000000
done,2018-08-03T01:25:44.136000Z,BCH-USD,5070107513,713.06000000,9b3c554c-a753-47ed-8821-f47a1af1634f,canceled,sell,1.90000000
done,2018-08-03T01:25:44.136000Z,BCH-USD,5070107514,710.24000000,e3b00aec-8511-465a-af9b-80fbfde7f21f,canceled,buy,3.00000000
done,2018-08-03T01:25:44.141000Z,BCH-USD,5070107519,712.98000000,c4c4a289-f724-4569-a451-42e6e4d74f18,canceled,sell,1.90000000
done,2018-08-03T01:25:44.143000Z,BCH-USD,5070107520,712.98000000,775dd0e3-c4f1-4b8f-8c13-acab666ac665,canceled,sell,0.90000000
done,2018-08-03T01:25:44.146000Z,BCH-USD,5070107521,708.50000000,603cc5bb-8f42-4ca3-95f9-6ddb5c833798,canceled,buy,0.41000800
done,2018-08-03T01:25:44.150000Z,BCH-USD,5070107522,708.08000000,2a26088b-230e-48ec-9519-964250e09ec2,canceled,buy,0.42926600
done,2018-08-03T01:25:44.154000Z,BCH-USD,5070107523,707.87000000,21009fec-fc85-42ad-8ca9-f66e334e9b6e,canceled,buy,0.85389500
done,2018-08-03T01:25:44.158000Z,BCH-USD,5070107524,706.19000000,bda46c97-f646-4692-929d-b7c513e7fbc9,canceled,buy,1.19406700
done,2018-08-03T01:25:44.165000Z,BCH-USD,5070107527,713.19000000,d60b0e5d-e1b8-4b18-8ff8-25501a5eafa2,canceled,sell,0.26844000
done,2018-08-03T01:25:44.171000Z,BCH-USD,5070107532,714.45000000,9ca952cc-02fb-4bb8-a0ec-7b803ccd8e88,canceled,sell,0.62528100
done,2018-08-03T01:25:44.174000Z,BCH-USD,5070107533,710.02000000,f3b0e0a0-279e-4558-bbae-3a4bddb7a786,canceled,buy,3.78069100
done,2018-08-03T01:25:44.186000Z,BCH-USD,5070107540,712.99000000,1e0c79a0-850d-4065-ad6c-333cb16af79c,canceled,sell,1.90000000
done,2018-08-03T01:25:44.187000Z,BCH-USD,5070107541,712.99000000,433b124f-f0f4-4cd6-8a9e-d3217c4493ee,canceled,sell,4.50000000
done,2018-08-03T01:25:44.190000Z,BCH-USD,5070107542,714.66000000,785442a6-6350-4e3a-a844-4cdb6ed38a6e,canceled,sell,0.84170600
done,2018-08-03T01:25:44.195000Z,BCH-USD,5070107543,713.27000000,8cffbbdf-1e46-4ed7-bd18-39c4d8c0a010,canceled,sell,1.90000000
done,2018-08-03T01:25:44.198000Z,BCH-USD,5070107544,712.99000000,51155724-ad26-4d50-b235-171206ef0e9b,canceled,sell,0.90000000
done,2018-08-03T01:25:44.198000Z,BCH-USD,5070107545,714.87000000,3e91e993-57b4-4d61-a98b-0884711dff29,canceled,sell,1.25236500
done,2018-08-03T01:25:44.205000Z,BCH-USD,5070107546,715.29000000,6595a2af-bd3f-4d10-b3ea-8beee894cfc7,canceled,sell,0.55803100
done,2018-08-03T01:25:44.243000Z,BCH-USD,5070107549,687.63000000,7f846d0d-959c-4237-acc1-a38765f5c506,canceled,buy,78.00000000
done,2018-08-03T01:25:44.246000Z,BCH-USD,5070107552,709.88000000,fdf8273c-a3b5-4ba0-8bf1-5f70c1614460,canceled,buy,3.78069100
done,2018-08-03T01:25:44.249000Z,BCH-USD,5070107555,712.98000000,c810e430-c87c-4df3-86c2-8be7bb414023,canceled,sell,0.90000000
done,2018-08-03T01:25:44.255000Z,BCH-USD,5070107558,713.06000000,237f665f-780a-44ee-a297-b9ecfa7368a3,canceled,sell,1.90000000
done,2018-08-03T01:25:44.260000Z,BCH-USD,5070107563,712.98000000,ebebfc2f-bec4-41fa-8537-bc225939a879,canceled,sell,4.50000000
done,2018-08-03T01:25:44.273000Z,BCH-USD,5070107576,712.98000000,88082ec5-cf4e-464f-a324-ccd325ca651c,canceled,sell,1.90000000
done,2018-08-03T01:25:44.277000Z,BCH-USD,5070107579,710.91000000,7716a5cc-1726-42a3-8248-ce37eb6039d1,canceled,buy,2.00000000
done,2018-08-03T01:25:44.278000Z,BCH-USD,5070107580,710.59000000,5a41ea59-0f51-49f0-a8e5-cb56819b2c33,canceled,buy,0.90000000
done,2018-08-03T01:25:44.283000Z,BCH-USD,5070107583,712.99000000,86c7ea71-8fa2-460f-958f-d9d35fad60aa,canceled,sell,4.50000000
done,2018-08-03T01:25:44.284000Z,BCH-USD,5070107584,710.01000000,4dcb81f3-0c39-4f01-9aa8-1a98862ad5a6,canceled,buy,3.78069100
done,2018-08-03T01:25:44.284000Z,BCH-USD,5070107585,712.99000000,6851c528-fb72-4c12-93a2-23387a297883,canceled,sell,1.90000000
done,2018-08-03T01:25:44.287000Z,BCH-USD,5070107586,711.94000000,f483a7cc-8747-49f0-a44f-584f8b3b248e,canceled,sell,0.70720000
done,2018-08-03T01:25:44.291000Z,BCH-USD,5070107587,713.27000000,ba70958e-8428-408a-a873-9784d3746999,canceled,sell,1.90000000
done,2018-08-03T01:25:44.291000Z,BCH-USD,5070107588,712.99000000,40de65c5-deb3-44f5-a778-9ef8e01aa950,canceled,sell,0.90000000
done,2018-08-03T01:25:44.304000Z,BCH-USD,5070107601,712.98000000,a553f6af-0b30-4c4b-9297-cb6a40a3fea7,canceled,sell,1.90000000
done,2018-08-03T01:25:44.306000Z,BCH-USD,5070107602,712.98000000,5a2ae379-eb07-4a54-baeb-8e0eda0d9248,canceled,sell,0.90000000
done,2018-08-03T01:25:44.312000Z,BCH-USD,5070107605,713.06000000,aab3b880-5d5a-4ce4-8380-8bf236583e0f,canceled,sell,1.90000000
done,2018-08-03T01:25:44.318000Z,BCH-USD,5070107610,723.79000000,d4b55e31-2cfd-4c45-a2bd-4c74b8ec154c,canceled,sell,0.28421000
done,2018-08-03T01:25:44.323000Z,BCH-USD,5070107615,710.02000000,7154f3a7-8b3d-41e0-a6ed-e6c82d7d0095,canceled,buy,3.78069100
done,2018-08-03T01:25:44.326000Z,BCH-USD,5070107616,712.98000000,e5888c1b-0cd0-4877-8c9c-132bfaa4aa8c,canceled,sell,4.50000000
done,2018-08-03T01:25:44.329000Z,BCH-USD,5070107623,712.99000000,17dd4f69-90ce-4f66-9f73-03f7655ba351,canceled,sell,1.90000000
done,2018-08-03T01:25:44.331000Z,BCH-USD,5070107626,713.27000000,3e51dd63-c037-4403-b499-95aa9e7ae9ac,canceled,sell,1.90000000
done,2018-08-03T01:25:44.334000Z,BCH-USD,5070107629,712.99000000,b527c849-7aef-4f01-a122-7d83c44a46ae,canceled,sell,0.90000000
done,2018-08-03T01:25:44.343000Z,BCH-USD,5070107636,710.01000000,de0522d9-1041-4bbe-b2c6-e018be4b9ea2,canceled,buy,3.78069100
done,2018-08-03T01:25:44.345000Z,BCH-USD,5070107641,712.98000000,accbb79b-62bc-420e-b371-68e0543a97a2,canceled,sell,0.90000000
done,2018-08-03T01:25:44.345000Z,BCH-USD,5070107642,707.72000000,f73b4e21-3c85-475a-aa90-c6e0f2be805f,canceled,buy,20.00000000
done,2018-08-03T01:25:44.349000Z,BCH-USD,5070107645,712.99000000,b1c6ce39-8cdf-4919-8339-4745cf522d99,canceled,sell,4.50000000
done,2018-08-03T01:25:44.350000Z,BCH-USD,5070107646,711.00000000,24863312-9095-45f1-8bc0-21c1351a775d,canceled,buy,2.00000000
done,2018-08-03T01:25:44.354000Z,BCH-USD,5070107647,712.98000000,82ad0381-e84a-4b69-8d0e-6a5c429a6872,canceled,sell,1.90000000
done,2018-08-03T01:25:44.357000Z,BCH-USD,5070107652,712.13000000,edec44cc-9ba3-4187-ba4b-034cc20ab087,canceled,sell,0.70720000
done,2018-08-03T01:25:44.359000Z,BCH-USD,5070107653,710.02000000,cee26be0-f876-4b82-a40b-49586286c708,canceled,buy,3.78069100
done,2018-08-03T01:25:44.366000Z,BCH-USD,5070107656,712.98000000,45c4969f-81be-4980-9609-70a2ae994d90,canceled,sell,4.50000000
done,2018-08-03T01:25:44.374000Z,BCH-USD,5070107665,710.91000000,f89646cd-8289-4964-8957-1f68c336fc9a,canceled,buy,2.00000000
done,2018-08-03T01:25:44.383000Z,BCH-USD,5070107670,710.01000000,bd745c5e-0350-414a-9d9e-fdd60914d1c6,canceled,buy,3.78069100
done,2018-08-03T01:25:44.390000Z,BCH-USD,5070107671,712.99000000,b7e66490-5216-42a9-8e58-9d1946ed37bb,canceled,sell,1.90000000
done,2018-08-03T01:25:44.392000Z,BCH-USD,5070107672,712.99000000,91b58bbe-0728-4ff7-977f-a0d2cf72d8b5,canceled,sell,4.50000000
done,2018-08-03T01:25:44.400000Z,BCH-USD,5070107677,710.91000000,9f90d20b-1a36-44b0-80c5-f8e5dd38c01b,canceled,buy,2.00000000
done,2018-08-03T01:25:44.412000Z,BCH-USD,5070107680,712.99000000,dcd2d3b5-ca3a-49bf-aa06-6e06622e2f8f,canceled,sell,0.90000000
done,2018-08-03T01:25:44.427000Z,BCH-USD,5070107685,715.87000000,8ce94b32-b2a1-4005-ab8e-c6b70c6b408f,canceled,sell,46.40576501
done,2018-08-03T01:25:44.431000Z,BCH-USD,5070107688,711.94000000,b9f35ac7-14d0-44fb-8700-dc21b264e05b,canceled,sell,0.70720000
done,2018-08-03T01:25:44.434000Z,BCH-USD,5070107691,710.02000000,d3b369b8-3854-45ff-9120-750d2e219a65,canceled,buy,3.78069100
done,2018-08-03T01:25:44.438000Z,BCH-USD,5070107694,712.98000000,5bcc8e8c-d023-4b47-ac83-58f2ab33db41,canceled,sell,4.50000000
done,2018-08-03T01:25:44.441000Z,BCH-USD,5070107695,712.98000000,fe898e8c-1918-4244-8a4e-d1e9f2c0b4e9,canceled,sell,1.90000000
done,2018-08-03T01:25:44.443000Z,BCH-USD,5070107698,710.91000000,0caa9793-40fa-44c3-aa33-f46f976c5fff,canceled,buy,2.00000000
done,2018-08-03T01:25:44.456000Z,BCH-USD,5070107703,712.98000000,bb369982-564e-410a-85c5-0e2870322808,canceled,sell,0.90000000
done,2018-08-03T01:25:44.460000Z,BCH-USD,5070107704,710.01000000,5f5643f5-c441-499b-81a3-2ebb665d7a7e,canceled,buy,3.78069100
done,2018-08-03T01:25:44.464000Z,BCH-USD,5070107707,712.13000000,dfb16921-1022-48b3-abe3-1dc271660050,canceled,sell,0.70720000
done,2018-08-03T01:25:44.472000Z,BCH-USD,5070107714,712.99000000,3002bfe0-562d-403c-8d62-7e2910e4fe23,canceled,sell,0.90000000
done,2018-08-03T01:25:44.475000Z,BCH-USD,5070107717,712.99000000,54906c99-f70a-41ac-a346-9c0be2d41105,canceled,sell,4.50000000
done,2018-08-03T01:25:44.477000Z,BCH-USD,5070107718,712.99000000,93971932-a639-4f01-9dcb-35b8a72c048a,canceled,sell,1.90000000
done,2018-08-03T01:25:44.479000Z,BCH-USD,5070107719,710.02000000,36d33f7a-6dd7-4499-b1a8-931c5b70c648,canceled,buy,3.78069100
done,2018-08-03T01:25:44.487000Z,BCH-USD,5070107726,712.98000000,bb36c6bd-7aa5-414b-93ac-30e05d61d838,canceled,sell,0.90000000
done,2018-08-03T01:25:44.490000Z,BCH-USD,5070107729,712.98000000,123d16b5-e98c-49ed-9c85-73d2feda88b2,canceled,sell,4.50000000
done,2018-08-03T01:25:44.513000Z,BCH-USD,5070107736,712.97000000,32e431f2-6b2f-46a2-9b81-96780d428da6,canceled,sell,4.50000000
done,2018-08-03T01:25:44.518000Z,BCH-USD,5070107737,710.01000000,e885187a-4d0f-49fa-bbab-b3a3c16ee3e0,canceled,buy,3.78069100
done,2018-08-03T01:25:44.521000Z,BCH-USD,5070107740,712.98000000,5c828dc4-cf4a-452a-b480-cec403d6b6b0,canceled,sell,1.90000000
done,2018-08-03T01:25:44.526000Z,BCH-USD,5070107743,710.02000000,8d5602d2-f572-4f2f-8222-6b2a9b5c9644,canceled,buy,3.78069100
done,2018-08-03T01:25:44.530000Z,BCH-USD,5070107746,712.99000000,38d89096-47fb-4c6d-abf9-6f9b0e900c04,canceled,sell,4.50000000
done,2018-08-03T01:25:44.544000Z,BCH-USD,5070107749,710.03000000,daff0253-40d9-4728-81fb-78b2d6deaf0f,canceled,buy,3.78069100
done,2018-08-03T01:25:44.549000Z,BCH-USD,5070107750,711.00000000,2db97b9d-25bd-4ed5-a7d3-957e62542251,canceled,buy,2.00000000
done,2018-08-03T01:25:44.555000Z,BCH-USD,5070107755,712.98000000,f11ce480-b80a-4af5-a8e7-1c062d55d8cf,canceled,sell,4.50000000
done,2018-08-03T01:25:44.558000Z,BCH-USD,5070107756,711.94000000,9349344f-bcd7-4dff-be4e-5cd177874642,canceled,sell,0.70720000
done,2018-08-03T01:25:44.564000Z,BCH-USD,5070107759,712.99000000,617afe3d-d26e-4ea3-8b47-aa945f55ca16,canceled,sell,4.50000000
done,2018-08-03T01:25:44.564000Z,BCH-USD,5070107760,712.99000000,7e2aa3ad-3a25-4782-a998-09869195d5ee,canceled,sell,0.90000000
done,2018-08-03T01:25:44.566000Z,BCH-USD,5070107761,710.01000000,44417c90-5fd1-45e9-b972-a015e0dc7cda,canceled,buy,3.78069100
done,2018-08-03T01:25:44.566000Z,BCH-USD,5070107762,712.99000000,21cbe6a8-03fa-461d-a91a-dfed62129c18,canceled,sell,1.90000000
done,2018-08-03T01:25:44.575000Z,BCH-USD,5070107767,712.98000000,1c095b3b-f7fb-4c82-bc1b-adb0f3d1fdce,canceled,sell,0.90000000
done,2018-08-03T01:25:44.581000Z,BCH-USD,5070107772,712.98000000,5c3f51ec-9d31-4752-b7c1-63e25ec9aece,canceled,sell,1.90000000
done,2018-08-03T01:25:44.585000Z,BCH-USD,5070107777,710.02000000,3589f17e-4453-4007-bdff-7b771161ef54,canceled,buy,3.78069100
done,2018-08-03T01:25:44.588000Z,BCH-USD,5070107780,712.99000000,909bcc54-f8a5-4133-b140-d5b353e7cf7c,canceled,sell,0.90000000
done,2018-08-03T01:25:44.599000Z,BCH-USD,5070107785,712.99000000,2da2688f-6d3f-44bd-b3a5-c912f335f0d6,canceled,sell,1.90000000
done,2018-08-03T01:25:44.607000Z,BCH-USD,5070107790,710.01000000,0f3bca98-e63f-4c19-9bd1-518a49cb5669,canceled,buy,3.78069100
done,2018-08-03T01:25:44.608000Z,BCH-USD,5070107791,712.98000000,030e185f-49ed-43dd-baef-75aa6afed332,canceled,sell,4.50000000
done,2018-08-03T01:25:44.610000Z,BCH-USD,5070107792,711.00000000,400d12ee-9f0a-4229-831f-fa8202f17f32,canceled,buy,2.00000000
done,2018-08-03T01:25:44.610000Z,BCH-USD,5070107793,712.98000000,c38c8e6f-7e9a-4417-a9b1-8acc9f124108,canceled,sell,1.90000000
done,2018-08-03T01:25:44.612000Z,BCH-USD,5070107794,712.97000000,b21dd3c2-6085-413d-9c61-4f0d1b0aab91,canceled,sell,0.90000000
done,2018-08-03T01:25:44.622000Z,BCH-USD,5070107803,712.97000000,0bd5ec34-faae-4880-8adb-960c43ccf20b,canceled,sell,4.50000000
done,2018-08-03T01:25:44.624000Z,BCH-USD,5070107804,712.98000000,f374a8ee-b453-4eb9-8843-83d77c16fedd,canceled,sell,0.90000000
done,2018-08-03T01:25:44.625000Z,BCH-USD,5070107805,712.13000000,83b106f5-5b4c-4eca-9fad-2a6a935843cc,canceled,sell,0.70720000
done,2018-08-03T01:25:44.625000Z,BCH-USD,5070107806,712.97000000,fc934f4b-face-4615-bac6-3acc3c4b2061,canceled,sell,1.90000000
done,2018-08-03T01:25:44.639000Z,BCH-USD,5070107813,711.00000000,e9a7ea80-6a1a-4eae-b3d5-04f97bcd0798,canceled,buy,2.00000000
done,2018-08-03T01:25:44.640000Z,BCH-USD,5070107814,712.99000000,16eb7641-8bd7-4804-a3dd-94650a79d14f,canceled,sell,0.90000000
done,2018-08-03T01:25:44.649000Z,BCH-USD,5070107817,710.02000000,9c6204a3-af0c-495e-8e6c-643ff4209423,canceled,buy,3.78069100
done,2018-08-03T01:25:44.655000Z,BCH-USD,5070107820,712.98000000,4f0c0fff-9612-4440-ac55-094f9eeebb04,canceled,sell,0.90000000
done,2018-08-03T01:25:44.657000Z,BCH-USD,5070107825,712.99000000,7e97e888-276f-4929-90eb-246f483e0d84,canceled,sell,4.50000000
done,2018-08-03T01:25:44.658000Z,BCH-USD,5070107826,712.99000000,7b078f1e-a074-4253-ab69-d45bddf577f6,canceled,sell,1.90000000
done,2018-08-03T01:25:44.663000Z,BCH-USD,5070107829,710.03000000,23deb75f-e21f-4ff6-8d43-f90a54988803,canceled,buy,3.78069100
done,2018-08-03T01:25:44.668000Z,BCH-USD,5070107834,712.99000000,88b02ffc-1a3f-410c-bdcb-f2ffebb29d20,canceled,sell,0.90000000
done,2018-08-03T01:25:44.672000Z,BCH-USD,5070107837,712.98000000,b7865b8d-308d-4bd1-a7f5-0ada9f95af78,canceled,sell,1.90000000
done,2018-08-03T01:25:44.675000Z,BCH-USD,5070107840,712.98000000,1175a5dc-004a-408f-ad79-16ac7ac50027,canceled,sell,4.50000000
done,2018-08-03T01:25:44.680000Z,BCH-USD,5070107843,712.98000000,2ee43bc9-73fc-444e-a9ed-b1a2b60448d7,canceled,sell,0.90000000
done,2018-08-03T01:25:44.683000Z,BCH-USD,5070107844,710.01000000,5a872d99-03e9-4973-9362-2c354db02455,canceled,buy,3.78069100
done,2018-08-03T01:25:44.699000Z,BCH-USD,5070107853,710.02000000,46b80f20-6205-4df8-be18-88470f68b459,canceled,buy,3.78069100
done,2018-08-03T01:25:44.703000Z,BCH-USD,5070107854,712.99000000,fefc84bc-96eb-4b1f-b312-f2f4ed19f429,canceled,sell,1.90000000
done,2018-08-03T01:25:44.704000Z,BCH-USD,5070107855,712.99000000,2c60323e-3b40-4502-88c3-556bd9d8a169,canceled,sell,4.50000000
done,2018-08-03T01:25:44.712000Z,BCH-USD,5070107860,710.01000000,f0d036ba-6562-40e6-b17e-fc0e49d96ef2,canceled,buy,3.78069100
done,2018-08-03T01:25:44.721000Z,BCH-USD,5070107865,712.98000000,8f12f924-7672-43c5-a865-dbbcfd1fb072,canceled,sell,4.50000000
done,2018-08-03T01:25:44.725000Z,BCH-USD,5070107866,712.99000000,68f7f36c-ddd0-404a-ad36-ed556259f9a3,canceled,sell,0.90000000
done,2018-08-03T01:25:44.728000Z,BCH-USD,5070107867,712.98000000,795080ab-07ca-4cfb-9003-e5800ee9f8df,canceled,sell,1.90000000
done,2018-08-03T01:25:44.734000Z,BCH-USD,5070107872,710.02000000,9e934507-75e5-4b6b-b4c0-8e9ef02a0cac,canceled,buy,3.78069100
done,2018-08-03T01:25:44.737000Z,BCH-USD,5070107873,712.97000000,bf30f7c1-e628-47e1-804a-1852c246a6eb,canceled,sell,0.90000000
done,2018-08-03T01:25:44.756000Z,BCH-USD,5070107882,712.99000000,45876c84-2880-4b0e-ab8d-a1504e82bb4b,canceled,sell,0.90000000
done,2018-08-03T01:25:44.758000Z,BCH-USD,5070107883,712.99000000,cf0f947a-0ce1-4e08-ac80-360993d19f8a,canceled,sell,4.50000000
done,2018-08-03T01:25:44.759000Z,BCH-USD,5070107884,712.99000000,0f5c346d-14db-4ec5-8a09-7b45303b0c08,canceled,sell,1.90000000
done,2018-08-03T01:25:44.763000Z,BCH-USD,5070107885,710.01000000,dc238c54-e201-4dff-96a5-118ac4dfa6ea,canceled,buy,3.78069100
done,2018-08-03T01:25:44.768000Z,BCH-USD,5070107890,712.98000000,e1faf18c-75c5-4b64-b3d5-7323a669dcae,canceled,sell,0.90000000
done,2018-08-03T01:25:44.781000Z,BCH-USD,5070107893,712.98000000,5bb43f5e-84f9-44a4-afa8-da9f55287cec,canceled,sell,4.50000000
done,2018-08-03T01:25:44.789000Z,BCH-USD,5070107900,710.02000000,31863c9b-7f7a-43e7-98b5-df7a713b5d6b,canceled,buy,3.78069100
done,2018-08-03T01:25:44.794000Z,BCH-USD,5070107901,712.99000000,ff4eeff0-6d5b-4adb-a5a0-f1cf67916176,canceled,sell,4.50000000
done,2018-08-03T01:25:44.797000Z,BCH-USD,5070107902,712.99000000,df4095f3-68fc-4d34-a127-1bb6f33dc5f6,canceled,sell,0.90000000
done,2018-08-03T01:25:44.804000Z,BCH-USD,5070107905,710.01000000,a31ee600-eaef-4449-97a9-2d034b8b5921,canceled,buy,3.78069100
done,2018-08-03T01:25:44.805000Z,BCH-USD,5070107908,712.98000000,255e8e7a-08e6-4004-8a4f-33354e1c6580,canceled,sell,1.90000000
done,2018-08-03T01:25:44.811000Z,BCH-USD,5070107911,712.98000000,a211bd02-35a3-4340-934e-f2ef44539ec7,canceled,sell,0.90000000
done,2018-08-03T01:25:44.812000Z,BCH-USD,5070107912,712.98000000,40da3194-4c1a-4fda-90e4-3a1221caad49,canceled,sell,4.50000000
done,2018-08-03T01:25:44.829000Z,BCH-USD,5070107921,712.99000000,2e6c82ec-d587-42f1-92bb-6c465bff4fd7,canceled,sell,4.50000000
done,2018-08-03T01:25:44.830000Z,BCH-USD,5070107922,712.99000000,ea9a91e0-b9c0-4be3-951d-578ca67c7350,canceled,sell,1.90000000
done,2018-08-03T01:25:44.837000Z,BCH-USD,5070107925,712.99000000,adf67bfa-49d1-4ea1-a999-46c085bd9d0f,canceled,sell,0.90000000
done,2018-08-03T01:25:44.840000Z,BCH-USD,5070107928,712.98000000,e32a6a2a-1bc6-4af6-b530-03e6ebaedc9c,canceled,sell,4.50000000
done,2018-08-03T01:25:44.841000Z,BCH-USD,5070107929,710.02000000,13e13d3c-be65-4241-936c-5fb4661a1b48,canceled,buy,3.78069100
done,2018-08-03T01:25:44.843000Z,BCH-USD,5070107930,712.98000000,f671f62a-f76c-4730-bb23-f81a3870e29e,canceled,sell,1.90000000
done,2018-08-03T01:25:44.848000Z,BCH-USD,5070107933,712.98000000,29524536-0a33-4ff8-8c9a-8c894739e1f4,canceled,sell,0.90000000
done,2018-08-03T01:25:44.857000Z,BCH-USD,5070107938,710.03000000,716c004e-f1dc-4206-b7e7-5a9d1c9de693,canceled,buy,3.78069100
done,2018-08-03T01:25:44.872000Z,BCH-USD,5070107945,712.13000000,9b896587-3f65-4199-862e-4e27d4a9e97c,canceled,sell,0.70720000
done,2018-08-03T01:25:44.872000Z,BCH-USD,5070107946,719.00000000,55d81367-4003-4413-a178-647ebb41650b,canceled,sell,0.28421000
done,2018-08-03T01:25:44.873000Z,BCH-USD,5070107947,712.99000000,cf9f59c1-76e6-462c-a515-2545d33242bb,canceled,sell,0.90000000
done,2018-08-03T01:25:44.875000Z,BCH-USD,5070107948,710.01000000,f410dc6f-ac4a-4e3b-bb70-6c43f8aab8c8,canceled,buy,3.78069100
done,2018-08-03T01:25:44.876000Z,BCH-USD,5070107949,712.99000000,9eeed18d-762c-40f1-8c4b-e819c416bafc,canceled,sell,1.90000000
done,2018-08-03T01:25:44.885000Z,BCH-USD,5070107954,712.99000000,ff93ac62-ecd1-481b-bab4-d45e40e27a1f,canceled,sell,4.50000000
done,2018-08-03T01:25:44.889000Z,BCH-USD,5070107955,711.00000000,d436779d-5a7f-440f-bf19-1cd616620653,canceled,buy,2.00000000
done,2018-08-03T01:25:44.897000Z,BCH-USD,5070107958,710.02000000,1777aab3-3576-4257-9708-f2566bf59616,canceled,buy,3.78069100
done,2018-08-03T01:25:44.901000Z,BCH-USD,5070107963,712.98000000,f5ec02c4-fab9-4a9b-b646-e819053f3242,canceled,sell,1.90000000
done,2018-08-03T01:25:44.906000Z,BCH-USD,5070107966,710.01000000,fbd3544a-c724-4687-8260-a33a01da7733,canceled,buy,3.78069100
done,2018-08-03T01:25:44.913000Z,BCH-USD,5070107969,712.99000000,9c9a5238-6f3f-404b-b884-7cd1ee925269,canceled,sell,0.90000000
done,2018-08-03T01:25:44.919000Z,BCH-USD,5070107972,712.99000000,78203fa5-14dc-44f8-b3f0-e0f3c07c00dd,canceled,sell,1.90000000
done,2018-08-03T01:25:44.929000Z,BCH-USD,5070107977,712.98000000,296efed9-80dd-4358-93de-2bb76ae58a17,canceled,sell,4.50000000
done,2018-08-03T01:25:44.939000Z,BCH-USD,5070107980,712.97000000,848d8331-2e6d-4eab-a5a4-e40f10bffa47,canceled,sell,0.90000000
done,2018-08-03T01:25:44.941000Z,BCH-USD,5070107981,712.97000000,739440ad-c3e6-41a6-9818-cedd9f6b2029,canceled,sell,4.50000000
done,2018-08-03T01:25:44.953000Z,BCH-USD,5070107986,712.12000000,c5771d8e-4b14-4a7b-a2bd-8b37ad799e27,canceled,sell,0.70720000
done,2018-08-03T01:25:44.955000Z,BCH-USD,5070107987,712.99000000,52f70982-23e6-4957-af5b-5ddcee20ab66,canceled,sell,4.50000000
done,2018-08-03T01:25:44.968000Z,BCH-USD,5070107990,712.98000000,92bdc2c4-b9a7-4ea7-a3c6-cab450e831b0,canceled,sell,0.90000000
done,2018-08-03T01:25:44.984000Z,BCH-USD,5070107993,712.99000000,43201217-3bab-4729-97e1-3d24600ecbed,canceled,sell,0.90000000
done,2018-08-03T01:25:44.987000Z,BCH-USD,5070107994,710.03000000,f66e4515-4f53-4bc9-bc0e-6ca28e23bc96,canceled,buy,3.78069100
done,2018-08-03T01:25:45.011000Z,BCH-USD,5070107999,710.01000000,58642014-1a59-4c87-a86e-1054c29246ea,canceled,buy,3.78069100
done,2018-08-03T01:25:45.017000Z,BCH-USD,5070108000,708.45000000,b124f8cb-d1e4-4801-9208-e36a9aa4933b,canceled,buy,10.28000000
done,2018-08-03T01:25:45.019000Z,BCH-USD,5070108001,713.28000000,1d5eae78-9f0c-4792-b4e5-fd49b7c902ac,canceled,sell,12.44000000
done,2018-08-03T01:25:45.049000Z,BCH-USD,5070108004,712.98000000,68defd2f-dfbc-4b90-bd2c-8c5a65a54559,canceled,sell,4.50000000
done,2018-08-03T01:25:45.057000Z,BCH-USD,5070108005,712.97000000,d860b264-edde-4284-b733-f5a459874d8e,canceled,sell,1.90000000
done,2018-08-03T01:25:45.076000Z,BCH-USD,5070108016,712.98000000,bd5485cb-a83b-420a-8442-ce84a5ae888e,canceled,sell,0.90000000
done,2018-08-03T01:25:45.081000Z,BCH-USD,5070108017,712.99000000,5e61b0a1-492b-4fee-b5e6-0da0564996e5,canceled,sell,4.50000000
done,2018-08-03T01:25:45.092000Z,BCH-USD,5070108022,712.98000000,d860eaba-811b-42a8-8b80-e783b9e15a4f,canceled,sell,4.50000000
done,2018-08-03T01:25:45.100000Z,BCH-USD,5070108025,710.02000000,8690e2a3-dd85-4ef4-bdd9-12146353d137,canceled,buy,3.78069100
done,2018-08-03T01:25:45.108000Z,BCH-USD,5070108026,712.99000000,26d1cb3c-baad-4f58-a632-f2030d31fb63,canceled,sell,4.50000000
done,2018-08-03T01:25:45.113000Z,BCH-USD,5070108029,710.03000000,f03343b4-5451-454a-8fdb-c765be5ddc86,canceled,buy,3.78069100
done,2018-08-03T01:25:45.151000Z,BCH-USD,5070108032,712.98000000,85057434-7cd3-4f8f-b27a-f1a6c6fc0981,canceled,sell,4.50000000
done,2018-08-03T01:25:45.153000Z,BCH-USD,5070108033,712.99000000,2164cca2-906c-48d9-b261-8e2ecf127ef4,canceled,sell,1.90000000
done,2018-08-03T01:25:45.154000Z,BCH-USD,5070108034,708.50000000,8a1ef97d-b0ca-477b-9e8a-edb0c9bbb8fa,canceled,buy,0.28539700
done,2018-08-03T01:25:45.159000Z,BCH-USD,5070108037,708.08000000,0e3b6f68-37cb-4df0-a5ca-ebedbf5d5377,canceled,buy,0.42029900
done,2018-08-03T01:25:45.163000Z,BCH-USD,5070108038,707.87000000,b61b54c2-e07e-459c-9014-84b2308d92ed,canceled,buy,0.82721300
done,2018-08-03T01:25:45.168000Z,BCH-USD,5070108039,706.19000000,682c1534-cbc2-4ea4-befc-a5594560ffe5,canceled,buy,1.35482300
done,2018-08-03T01:25:45.174000Z,BCH-USD,5070108040,713.19000000,9d06b8fc-0d3a-4d67-915e-803bb7f69cc4,canceled,sell,0.26906400
done,2018-08-03T01:25:45.181000Z,BCH-USD,5070108043,714.45000000,35e528e1-902d-4b64-9992-7d3ba995b1e0,canceled,sell,1.05546800
done,2018-08-03T01:25:45.186000Z,BCH-USD,5070108044,714.66000000,bc64db47-c06c-45f5-a03d-1bf54bf1b652,canceled,sell,1.23867500
done,2018-08-03T01:25:45.191000Z,BCH-USD,5070108045,714.87000000,9ecf3d1b-2c87-44c1-89ae-d79b7c2a34e4,canceled,sell,0.98261700
done,2018-08-03T01:25:45.194000Z,BCH-USD,5070108046,710.01000000,42483828-b8c8-4af0-afb7-0702bb367116,canceled,buy,3.78069100
done,2018-08-03T01:25:45.229000Z,BCH-USD,5070108055,712.99000000,e3b9f490-d067-4155-bfbf-8ccbf7f22914,canceled,sell,4.50000000
done,2018-08-03T01:25:45.231000Z,BCH-USD,5070108056,710.02000000,99b6cf0f-d7b6-492a-a4eb-d2f19f3f6ab2,canceled,buy,3.78069100
done,2018-08-03T01:25:45.264000Z,BCH-USD,5070108065,712.98000000,f58cf61b-2612-44df-bfff-e7f133131bf8,canceled,sell,1.90000000
done,2018-08-03T01:25:45.264000Z,BCH-USD,5070108066,712.98000000,892646a0-9ba4-4d30-8cc5-f13be4e72c90,canceled,sell,4.50000000
done,2018-08-03T01:25:45.276000Z,BCH-USD,5070108073,711.00000000,8900209b-3379-47a3-b90a-58b9850e2393,canceled,buy,2.00000000
done,2018-08-03T01:25:45.292000Z,BCH-USD,5070108076,712.99000000,aae57f35-74c3-450e-a7d4-0620ff571304,canceled,sell,0.90000000
done,2018-08-03T01:25:45.347000Z,BCH-USD,5070108083,712.29000000,e4be9ff7-f377-4d2b-8108-0eda81deab4d,canceled,sell,11.39000000
done,2018-08-03T01:25:45.372000Z,BCH-USD,5070108088,711.00000000,ba129d54-7f37-476f-a23b-31679c679e28,canceled,buy,2.00000000
done,2018-08-03T01:25:45.422000Z,BCH-USD,5070108091,711.10000000,3a6e3ed6-0d77-4703-a66d-bd353c4098f7,canceled,buy,2.00000000
done,2018-08-03T01:25:45.425000Z,BCH-USD,5070108092,712.99000000,3135f9af-4b24-4b08-a8bd-fc0416d5cac9,canceled,sell,4.50000000
done,2018-08-03T01:25:45.428000Z,BCH-USD,5070108093,712.99000000,5031583a-b560-48f8-bdb4-08e75d2bf2b7,canceled,sell,1.90000000
done,2018-08-03T01:25:45.429000Z,BCH-USD,5070108094,710.01000000,1289e06d-91e0-42b6-ba06-a8f89fd38ad9,canceled,buy,3.78069100
done,2018-08-03T01:25:45.432000Z,BCH-USD,5070108095,712.12000000,8e1f0b64-6be5-43ee-b4ab-7e9bc4209498,canceled,sell,0.70720000
done,2018-08-03T01:25:45.436000Z,BCH-USD,5070108098,713.06000000,04ac7966-4251-42cd-812f-01634400633b,canceled,sell,1.90000000
done,2018-08-03T01:25:45.438000Z,BCH-USD,5070108101,712.98000000,152d1ea9-b12d-43d9-8c6a-03ec1fbb20a9,canceled,sell,0.90000000
done,2018-08-03T01:25:45.441000Z,BCH-USD,5070108104,712.97000000,f2e57b89-0b6d-4ad0-ab53-acea4aab83b7,canceled,sell,4.50000000
done,2018-08-03T01:25:45.451000Z,BCH-USD,5070108111,712.97000000,2176162e-45e7-4c6f-a1fb-549bff3973cc,canceled,sell,1.90000000
done,2018-08-03T01:25:45.469000Z,BCH-USD,5070108118,713.29000000,ccb1be66-2b32-482c-b413-d397180373a2,canceled,sell,1.90000000
done,2018-08-03T01:25:45.470000Z,BCH-USD,5070108119,712.99000000,a35f24c5-6e58-486f-aae8-aa4c474203db,canceled,sell,0.90000000
done,2018-08-03T01:25:45.471000Z,BCH-USD,5070108120,712.98000000,d348b5de-606f-48b8-bc5d-11f96a3c81fe,canceled,sell,4.50000000
done,2018-08-03T01:25:45.473000Z,BCH-USD,5070108121,712.98000000,cda8cfc5-7be6-4d01-b72c-e44891ad603e,canceled,sell,1.90000000
done,2018-08-03T01:25:45.479000Z,BCH-USD,5070108124,710.02000000,d6187bc9-52ec-4b2d-a85a-d8f1894618f6,canceled,buy,3.78069100
done,2018-08-03T01:25:45.483000Z,BCH-USD,5070108131,712.98000000,1f485300-717d-4a33-a1e4-c2ebfc63ccc6,canceled,sell,0.90000000
done,2018-08-03T01:25:45.485000Z,BCH-USD,5070108132,713.06000000,98b4d7c6-f1c0-40df-9b64-341697b2cde5,canceled,sell,1.90000000
done,2018-08-03T01:25:45.485000Z,BCH-USD,5070108133,712.99000000,3e95b857-5948-4810-be23-61d8c5e7dd79,canceled,sell,4.50000000
done,2018-08-03T01:25:45.486000Z,BCH-USD,5070108134,712.99000000,b7557ba3-232c-403c-8a3b-32a15b8f4524,canceled,sell,1.90000000
done,2018-08-03T01:25:45.494000Z,BCH-USD,5070108137,710.03000000,d482ec88-c454-44ff-91c4-db0dd57d7511,canceled,buy,3.78069100
done,2018-08-03T01:25:45.506000Z,BCH-USD,5070108142,712.97000000,6a1cbe89-090c-43d1-a373-cd21d2bc7aaf,canceled,sell,0.90000000
done,2018-08-03T01:25:45.508000Z,BCH-USD,5070108147,712.98000000,92941f96-be4b-4200-9207-e2544ddb7824,canceled,sell,4.50000000
done,2018-08-03T01:25:45.512000Z,BCH-USD,5070108150,710.01000000,a4409765-44ab-45ae-9210-4e2c680c61ee,canceled,buy,3.78069100
done,2018-08-03T01:25:45.522000Z,BCH-USD,5070108153,712.98000000,16676f63-f2a7-4190-a5f7-905ecec6811e,canceled,sell,1.90000000
done,2018-08-03T01:25:45.529000Z,BCH-USD,5070108156,711.10000000,d99f16c0-4ea1-44f8-909c-2d76105a8af8,canceled,buy,2.00000000
done,2018-08-03T01:25:45.532000Z,BCH-USD,5070108157,712.99000000,2f4befcf-6310-4deb-a562-44b6eebc1462,canceled,sell,4.50000000
done,2018-08-03T01:25:45.535000Z,BCH-USD,5070108160,713.29000000,f9ec0d12-e2ba-4ad5-be19-3436bc82d17f,canceled,sell,1.90000000
done,2018-08-03T01:25:45.536000Z,BCH-USD,5070108161,712.99000000,319343a9-f15b-4d34-ba66-026dc5ed3c3f,canceled,sell,0.90000000
done,2018-08-03T01:25:45.539000Z,BCH-USD,5070108162,710.02000000,0635286b-5b65-4b29-86d1-57554fdd7b9a,canceled,buy,3.78069100
done,2018-08-03T01:25:45.545000Z,BCH-USD,5070108169,713.06000000,7c1ae586-4f38-4f26-bbee-19e958370932,canceled,sell,1.90000000
done,2018-08-03T01:25:45.557000Z,BCH-USD,5070108174,711.00000000,ac0ea72e-e77c-4f81-a3ec-01cb14361ee0,canceled,buy,2.00000000
done,2018-08-03T01:25:45.560000Z,BCH-USD,5070108175,712.98000000,723dcf2e-96b5-4b27-aee8-aa743fbb04c5,canceled,sell,0.90000000
done,2018-08-03T01:25:45.563000Z,BCH-USD,5070108178,704.74000000,c8b76308-4193-4333-b265-60b2edaef88b,canceled,buy,9.73800000
done,2018-08-03T01:25:45.587000Z,BCH-USD,5070108181,712.99000000,0526ae10-a7ea-46aa-ad15-2bfaa1277f0a,canceled,sell,1.90000000
done,2018-08-03T01:25:45.592000Z,BCH-USD,5070108182,713.29000000,12e93405-1afe-4624-a30e-e67f8b7a09c3,canceled,sell,1.90000000
done,2018-08-03T01:25:45.597000Z,BCH-USD,5070108183,712.98000000,82b147ea-b629-4b0e-8818-393d567dcd18,canceled,sell,4.50000000
done,2018-08-03T01:25:45.602000Z,BCH-USD,5070108184,711.10000000,4bfeadbc-3f73-4956-ad42-7986bfd47422,canceled,buy,2.00000000
done,2018-08-03T01:25:45.618000Z,BCH-USD,5070108189,710.01000000,c5f0043c-2169-45e3-8fde-4444b8c7a5b8,canceled,buy,3.78069100
done,2018-08-03T01:25:45.630000Z,BCH-USD,5070108194,712.98000000,3a8408ec-b37b-4f9c-970d-6f2bf20a8e38,canceled,sell,1.90000000
done,2018-08-03T01:25:45.639000Z,BCH-USD,5070108199,712.99000000,67a380c7-4e2a-4652-ad35-3261e30ad8c4,canceled,sell,4.50000000
done,2018-08-03T01:25:45.641000Z,BCH-USD,5070108200,712.99000000,90b0f814-1402-4e02-8be0-581e06501fe3,canceled,sell,0.90000000
done,2018-08-03T01:25:45.643000Z,BCH-USD,5070108203,710.02000000,69b80b26-e5c9-4624-94da-adc1d72d47bd,canceled,buy,3.78069100
done,2018-08-03T01:25:45.649000Z,BCH-USD,5070108206,713.06000000,6d3823cb-572f-422a-93e9-cd1a94e6b4d1,canceled,sell,1.90000000
done,2018-08-03T01:25:45.655000Z,BCH-USD,5070108211,712.98000000,154f6078-75eb-46c9-8d0d-5aed83fb4afe,canceled,sell,4.50000000
done,2018-08-03T01:25:45.655000Z,BCH-USD,5070108212,712.98000000,aa7e62f3-cc7e-4c0d-91eb-02398415f057,canceled,sell,0.90000000
done,2018-08-03T01:25:45.658000Z,BCH-USD,5070108213,712.99000000,0ddc019c-f0e7-40b2-833a-43a111250b67,canceled,sell,1.90000000
done,2018-08-03T01:25:45.669000Z,BCH-USD,5070108220,710.01000000,008198c4-5500-4fda-b205-9c665601a9f0,canceled,buy,3.78069100
done,2018-08-03T01:25:45.687000Z,BCH-USD,5070108227,713.29000000,ebdd988b-b9ab-41e8-a374-f91bce41049f,canceled,sell,1.90000000
done,2018-08-03T01:25:45.687000Z,BCH-USD,5070108228,712.99000000,f63471c8-7115-4e12-9c43-450debe181c3,canceled,sell,0.90000000
done,2018-08-03T01:25:45.689000Z,BCH-USD,5070108229,712.97000000,26226982-8bc5-429d-b43f-cc13a8bacb26,canceled,sell,1.90000000
done,2018-08-03T01:25:45.690000Z,BCH-USD,5070108230,710.02000000,af0c8755-80c4-4f2f-9988-0a59109fe33b,canceled,buy,3.78069100
done,2018-08-03T01:25:45.696000Z,BCH-USD,5070108235,712.98000000,f3b9e725-1229-42c0-a9a3-19cea1f7941d,canceled,sell,1.90000000
done,2018-08-03T01:25:45.699000Z,BCH-USD,5070108238,712.99000000,de264dd8-70d8-4e38-bbd8-72626c348cf4,canceled,sell,4.50000000
done,2018-08-03T01:25:45.703000Z,BCH-USD,5070108241,710.59000000,eef4e22e-28f6-444e-9773-1464aa4971f7,canceled,buy,10.00000000
done,2018-08-03T01:25:45.712000Z,BCH-USD,5070108244,712.98000000,238a19eb-18ab-445e-b7e7-7960c5aafec9,canceled,sell,0.90000000
done,2018-08-03T01:25:45.713000Z,BCH-USD,5070108245,713.06000000,b4d8e2c8-9f85-4e09-9aa2-d9c6f6872114,canceled,sell,1.90000000
done,2018-08-03T01:25:45.714000Z,BCH-USD,5070108246,712.98000000,4b5d41e3-9296-457a-89f0-8a8fa00d0ad7,canceled,sell,4.50000000
done,2018-08-03T01:25:45.714000Z,BCH-USD,5070108247,710.60000000,992ac07a-09ab-4a3e-8da9-05f12d4aa6ac,canceled,buy,0.90000000
done,2018-08-03T01:25:45.716000Z,BCH-USD,5070108248,710.01000000,989dfd23-67f8-4e84-9591-af69594bf794,canceled,buy,3.78069100
done,2018-08-03T01:25:45.726000Z,BCH-USD,5070108255,712.97000000,d6f22fdb-19f1-49c0-a7c5-90fd6644f192,canceled,sell,4.50000000
done,2018-08-03T01:25:45.732000Z,BCH-USD,5070108260,713.29000000,f563c84d-e79d-4e8e-b967-6ac0d73e1887,canceled,sell,1.90000000
done,2018-08-03T01:25:45.736000Z,BCH-USD,5070108265,710.02000000,c3edf45d-530e-49ef-99fb-fd242b302f5b,canceled,buy,3.78069100
done,2018-08-03T01:25:45.748000Z,BCH-USD,5070108270,713.06000000,e6e48bca-66ef-4046-8457-15551a8b9b5e,canceled,sell,1.90000000
done,2018-08-03T01:25:45.755000Z,BCH-USD,5070108273,712.99000000,24035d7f-82c7-4cee-b609-7d4766ad68f0,canceled,sell,1.90000000
done,2018-08-03T01:25:45.755000Z,BCH-USD,5070108274,712.99000000,8fa85097-4341-47a5-89c2-911b78a744be,canceled,sell,0.90000000
done,2018-08-03T01:25:45.760000Z,BCH-USD,5070108277,710.01000000,979a3156-24ac-41cd-9576-d2bab70baccd,canceled,buy,3.78069100
done,2018-08-03T01:25:45.760000Z,BCH-USD,5070108278,713.29000000,db3bc4f7-6412-4f0a-a086-992ce1e26c99,canceled,sell,1.90000000
done,2018-08-03T01:25:45.767000Z,BCH-USD,5070108283,712.98000000,e0534e81-38fd-49ff-9e02-7e2aa40fb047,canceled,sell,0.90000000
done,2018-08-03T01:25:45.769000Z,BCH-USD,5070108284,712.98000000,6938bd9d-ba12-442f-aa9b-6c056442d82a,canceled,sell,1.90000000
done,2018-08-03T01:25:45.770000Z,BCH-USD,5070108287,711.10000000,a9b6115f-8505-4f6c-8dc5-5359e3989caa,canceled,buy,2.00000000
done,2018-08-03T01:25:45.771000Z,BCH-USD,5070108288,712.99000000,0fec17a7-c2fb-4982-9057-131704c317b3,canceled,sell,4.50000000
done,2018-08-03T01:25:45.773000Z,BCH-USD,5070108291,712.12000000,b2d6874f-ed47-4344-b375-e887a8eb94f1,canceled,sell,0.70720000
done,2018-08-03T01:25:45.776000Z,BCH-USD,5070108292,710.02000000,32c00550-c936-4955-9f6e-508cacd714b7,canceled,buy,3.78069100
done,2018-08-03T01:25:45.777000Z,BCH-USD,5070108293,713.06000000,65ab1285-01b8-4371-b7e6-c6d070f17422,canceled,sell,1.90000000
done,2018-08-03T01:25:45.785000Z,BCH-USD,5070108302,712.98000000,c5dff334-85d7-4e49-9a8c-502cd95daf43,canceled,sell,4.50000000
done,2018-08-03T01:25:45.790000Z,BCH-USD,5070108305,712.99000000,2714deed-5f20-41f4-bc2a-7be8740a826f,canceled,sell,1.90000000
done,2018-08-03T01:25:45.791000Z,BCH-USD,5070108306,710.58000000,8da39a91-4751-4308-8dd7-f486b19ba8f6,canceled,buy,10.51000000
done,2018-08-03T01:25:45.792000Z,BCH-USD,5070108307,713.29000000,d270bce6-23b7-4d2b-ac1d-bab39ced466e,canceled,sell,1.90000000
done,2018-08-03T01:25:45.794000Z,BCH-USD,5070108308,712.99000000,300a8af3-370a-4365-b401-a308f60bcf60,canceled,sell,0.90000000
done,2018-08-03T01:25:45.795000Z,BCH-USD,5070108309,710.01000000,5f5e9302-8598-4912-92e8-4a7a1bab3759,canceled,buy,3.78069100
done,2018-08-03T01:25:45.795000Z,BCH-USD,5070108310,710.59000000,4d57d178-ba5c-4845-9482-3bf85e2533ed,canceled,buy,0.90000000
done,2018-08-03T01:25:45.796000Z,BCH-USD,5070108311,712.30000000,8b791557-7357-46fa-8a8f-8874426f6e23,canceled,sell,10.45300000
done,2018-08-03T01:25:45.812000Z,BCH-USD,5070108328,712.98000000,eff11849-5d0a-4441-9579-8555d1670a47,canceled,sell,1.90000000
done,2018-08-03T01:25:45.814000Z,BCH-USD,5070108329,712.98000000,962b1cce-1cd7-478b-9814-b18eafb6b800,canceled,sell,0.90000000
done,2018-08-03T01:25:45.815000Z,BCH-USD,5070108330,712.65000000,9b0b582b-9460-4c73-ac44-e787621fc07c,canceled,sell,0.90000000
done,2018-08-03T01:25:45.816000Z,BCH-USD,5070108331,713.06000000,15d7dbd0-8f11-4ea3-ad60-e0ee76dc1a1d,canceled,sell,1.90000000
done,2018-08-03T01:25:45.820000Z,BCH-USD,5070108334,710.02000000,98b4561a-f7be-420e-ab4c-17e8e357427d,canceled,buy,3.78069100
done,2018-08-03T01:25:45.831000Z,BCH-USD,5070108345,712.99000000,5ae5966b-dd14-4788-9669-417c7dd5d10f,canceled,sell,4.50000000
done,2018-08-03T01:25:45.833000Z,BCH-USD,5070108346,712.99000000,f2fb4f65-ac24-4065-8b68-fe4cfb1c9599,canceled,sell,0.90000000
done,2018-08-03T01:25:45.834000Z,BCH-USD,5070108347,713.29000000,0962b278-7279-4812-9f9f-90cdbb5e0c67,canceled,sell,1.90000000
done,2018-08-03T01:25:45.836000Z,BCH-USD,5070108348,710.01000000,f65f016b-1ef9-47b7-9596-83bc02458669,canceled,buy,3.78069100
done,2018-08-03T01:25:45.838000Z,BCH-USD,5070108349,710.40000000,2bebc7b0-7737-479a-bf9d-abb0566fade5,canceled,buy,0.90000000
done,2018-08-03T01:25:45.844000Z,BCH-USD,5070108354,712.98000000,b70cae84-2609-4061-abe9-20ea84322011,canceled,sell,4.50000000
done,2018-08-03T01:25:45.844000Z,BCH-USD,5070108355,712.98000000,6da07e97-ef7b-4ba0-9cf6-d080b7b04cdc,canceled,sell,0.90000000
done,2018-08-03T01:25:45.846000Z,BCH-USD,5070108356,712.99000000,764c3b37-849b-4e53-a8dc-98164bd8a6c7,canceled,sell,1.90000000
done,2018-08-03T01:25:45.854000Z,BCH-USD,5070108361,713.06000000,44894e55-ce22-4644-b1c5-084fc9eec311,canceled,sell,1.90000000
done,2018-08-03T01:25:45.873000Z,BCH-USD,5070108368,704.75000000,1d92a83a-47d6-4a36-acbf-cbd9af558632,canceled,buy,0.11584000
done,2018-08-03T01:25:45.883000Z,BCH-USD,5070108373,710.02000000,c70ad8f6-b84b-4d26-be47-031e0a1cc4cd,canceled,buy,3.78069100
done,2018-08-03T01:25:45.889000Z,BCH-USD,5070108374,712.99000000,2a769340-ae59-46d1-9b9e-63f4626a0ba9,canceled,sell,0.90000000
done,2018-08-03T01:25:45.889000Z,BCH-USD,5070108375,713.29000000,f46ae8d4-c89d-4c0e-8d57-60f871f3b00a,canceled,sell,1.90000000
done,2018-08-03T01:25:45.889000Z,BCH-USD,5070108376,712.99000000,7e3cc722-1d82-4654-8f29-2db82ef0a241,canceled,sell,4.50000000
done,2018-08-03T01:25:45.896000Z,BCH-USD,5070108379,712.98000000,01729ec2-a8bc-412a-ad47-49a00cacb7e9,canceled,sell,1.90000000
done,2018-08-03T01:25:45.900000Z,BCH-USD,5070108382,713.06000000,aeccc394-1f09-486b-8231-95bbf758d6f8,canceled,sell,1.90000000
done,2018-08-03T01:25:45.903000Z,BCH-USD,5070108383,719.64000000,58e1f5e8-93f8-43a3-bf88-dcdbc2779690,canceled,sell,8.81040000
done,2018-08-03T01:25:45.903000Z,BCH-USD,5070108384,710.03000000,a9bf1d4a-d4ef-446c-8afd-6299ba92daab,canceled,buy,3.78069100
done,2018-08-03T01:25:45.909000Z,BCH-USD,5070108391,712.98000000,858a3a2b-077a-4a8d-b866-199101e34237,canceled,sell,4.50000000
done,2018-08-03T01:25:45.911000Z,BCH-USD,5070108392,712.98000000,3094fecc-f48c-42aa-a138-4a36b56cff87,canceled,sell,0.90000000
done,2018-08-03T01:25:45.927000Z,BCH-USD,5070108407,710.01000000,15c41a60-6ad4-43d1-a32b-577551600aab,canceled,buy,3.78069100
done,2018-08-03T01:25:45.931000Z,BCH-USD,5070108408,712.99000000,9d6c5ce2-735e-4d82-bd87-d88a2751df2c,canceled,sell,4.50000000
done,2018-08-03T01:25:45.932000Z,BCH-USD,5070108409,712.99000000,8fa81787-4637-4d80-a76e-1a000c0d9ef6,canceled,sell,1.90000000
done,2018-08-03T01:25:45.937000Z,BCH-USD,5070108412,710.02000000,81165cbc-8358-4e2d-8e90-0f966c0e6492,canceled,buy,3.78069100
done,2018-08-03T01:25:45.947000Z,BCH-USD,5070108417,712.98000000,17d4787d-64c1-42be-9865-6a6ad60ec83a,canceled,sell,4.50000000
done,2018-08-03T01:25:45.949000Z,BCH-USD,5070108418,711.22000000,4b55724c-66a6-42d4-ba84-37ddff9d73da,canceled,buy,2.00000000
done,2018-08-03T01:25:45.952000Z,BCH-USD,5070108421,712.50000000,14b5282c-18ee-405d-8479-b3286bdb7835,canceled,sell,0.70720000
done,2018-08-03T01:25:45.952000Z,BCH-USD,5070108422,712.98000000,b4e09aea-6cd7-43b3-956d-fa4710bd99f5,canceled,sell,1.90000000
done,2018-08-03T01:25:45.958000Z,BCH-USD,5070108423,710.01000000,41d8c21e-22ef-45c4-92cb-1a8a73471449,canceled,buy,3.78069100
done,2018-08-03T01:25:45.972000Z,BCH-USD,5070108426,711.10000000,08c12bcf-d436-44fb-8728-7a642d1313d5,canceled,buy,2.00000000
done,2018-08-03T01:25:45.995000Z,BCH-USD,5070108431,712.50000000,3daa2a72-6597-49f3-b29d-2581720524b3,canceled,sell,0.70720000
done,2018-08-03T01:25:46.006000Z,BCH-USD,5070108432,708.25000000,6b9ea240-e186-4149-ac89-8040f0edbb6b,canceled,buy,0.01000000
done,2018-08-03T01:25:46.011000Z,BCH-USD,5070108437,712.97000000,d1e0270d-641b-4a3d-a50a-031b698ba92e,canceled,sell,1.90000000
done,2018-08-03T01:25:46.022000Z,BCH-USD,5070108442,710.02000000,70b401c2-08c4-41c6-b267-e27463b9c3a2,canceled,buy,3.78069100
done,2018-08-03T01:25:46.035000Z,BCH-USD,5070108447,713.29000000,3e476df0-da2c-4b86-9b83-ac48d2040155,canceled,sell,1.90000000
done,2018-08-03T01:25:46.035000Z,BCH-USD,5070108448,712.99000000,07923dbc-e0e1-424a-9418-ab5c873a8110,canceled,sell,0.90000000
done,2018-08-03T01:25:46.036000Z,BCH-USD,5070108449,712.99000000,d059ea49-e663-4f4e-b230-9535501ff52e,canceled,sell,4.50000000
done,2018-08-03T01:25:46.038000Z,BCH-USD,5070108450,710.01000000,f10f8234-424f-4c68-b2ce-176a41140e11,canceled,buy,3.78069100
done,2018-08-03T01:25:46.049000Z,BCH-USD,5070108453,712.98000000,b8436157-cf37-417c-84b3-b4e3130bc199,canceled,sell,4.50000000
done,2018-08-03T01:25:46.053000Z,BCH-USD,5070108456,712.99000000,853906b6-761e-41ce-8570-deb083fd6240,canceled,sell,1.90000000
done,2018-08-03T01:25:46.056000Z,BCH-USD,5070108457,710.02000000,ffefbb75-c820-43db-9e77-7b138806cf95,canceled,buy,3.78069100
done,2018-08-03T01:25:46.061000Z,BCH-USD,5070108464,712.98000000,f9950bed-f993-44cf-8b2f-699ec7397ae6,canceled,sell,0.90000000
done,2018-08-03T01:25:46.064000Z,BCH-USD,5070108465,713.06000000,be9c4e8c-d95d-4911-bc56-36e768fc65ce,canceled,sell,1.90000000
done,2018-08-03T01:25:46.065000Z,BCH-USD,5070108466,712.99000000,bd8af28d-460f-411c-89b2-e6ca67d09e8a,canceled,sell,4.50000000
done,2018-08-03T01:25:46.079000Z,BCH-USD,5070108475,712.98000000,0335e619-bd9c-4c5f-8f40-3993824e8361,canceled,sell,1.90000000
done,2018-08-03T01:25:46.088000Z,BCH-USD,5070108478,712.98000000,56a22f1c-6867-45c9-b5b8-9cf9e22b3a17,canceled,sell,4.50000000
done,2018-08-03T01:25:46.097000Z,BCH-USD,5070108483,710.01000000,212e3885-3ac2-418f-9729-3f626644f03b,canceled,buy,3.78069100
done,2018-08-03T01:25:46.104000Z,BCH-USD,5070108488,712.99000000,51475000-b545-4d7b-bb39-c4b3847e5ac5,canceled,sell,1.90000000
done,2018-08-03T01:25:46.105000Z,BCH-USD,5070108489,712.99000000,44374549-824e-49e8-a37b-9b393472c5d9,canceled,sell,4.50000000
done,2018-08-03T01:25:46.113000Z,BCH-USD,5070108494,710.02000000,7e3d0fd7-96d8-4165-82fc-3f52bbc07725,canceled,buy,3.78069100
done,2018-08-03T01:25:46.115000Z,BCH-USD,5070108495,712.98000000,41d81d6f-22f1-4751-8c7f-2ea4689dcef5,canceled,sell,4.50000000
done,2018-08-03T01:25:46.139000Z,BCH-USD,5070108500,710.01000000,f6da9d44-14ad-4d3a-b92d-d6dd9f351ff6,canceled,buy,3.78069100
done,2018-08-03T01:25:46.148000Z,BCH-USD,5070108503,712.98000000,51b230dc-d27d-48c6-bebb-dc3058a460af,canceled,sell,1.90000000
done,2018-08-03T01:25:46.153000Z,BCH-USD,5070108508,708.50000000,8386c1cd-fcc6-4337-a7a1-aa77f0c8d1f7,canceled,buy,0.23479500
done,2018-08-03T01:25:46.155000Z,BCH-USD,5070108509,710.02000000,56dd8f2a-bea6-421e-ba5e-4120dfe5c855,canceled,buy,3.78069100
done,2018-08-03T01:25:46.159000Z,BCH-USD,5070108512,708.08000000,107f815c-e0b5-471e-bfbc-65b72ff9ffa2,canceled,buy,0.31379000
done,2018-08-03T01:25:46.159000Z,BCH-USD,5070108513,712.99000000,378076fd-7ed5-4366-9666-2ad0d9bd226a,canceled,sell,4.50000000
done,2018-08-03T01:25:46.162000Z,BCH-USD,5070108514,707.87000000,6256c43b-c759-4f2d-883d-b20e7f893bff,canceled,buy,0.40806900
done,2018-08-03T01:25:46.163000Z,BCH-USD,5070108515,713.29000000,eea01003-9e16-4bf3-b7ae-ade7eba2502a,canceled,sell,1.90000000
done,2018-08-03T01:25:46.166000Z,BCH-USD,5070108516,706.19000000,05a0f18b-9089-470d-ae74-ae45f4b6a018,canceled,buy,1.93252500
done,2018-08-03T01:25:46.170000Z,BCH-USD,5070108519,713.19000000,e5badbe1-aa16-471a-86ef-1875fa6da13a,canceled,sell,0.18815200
done,2018-08-03T01:25:46.175000Z,BCH-USD,5070108522,714.45000000,98847a71-4564-402a-9282-1192722fdade,canceled,sell,1.61802000
done,2018-08-03T01:25:46.177000Z,BCH-USD,5070108525,713.06000000,a6fac1eb-cb1d-47c7-bddd-c1dfdbe14b81,canceled,sell,1.90000000
done,2018-08-03T01:25:46.179000Z,BCH-USD,5070108526,714.66000000,0be2f33a-6284-4ed7-a2c5-751ca7607c0c,canceled,sell,1.73965200
done,2018-08-03T01:25:46.179000Z,BCH-USD,5070108527,710.01000000,32f16ecc-e702-4884-8010-1a22d6e7202a,canceled,buy,3.78069100
done,2018-08-03T01:25:46.181000Z,BCH-USD,5070108528,712.98000000,45a3ea18-11fc-4486-aebc-bff200d64846,canceled,sell,4.50000000
done,2018-08-03T01:25:46.192000Z,BCH-USD,5070108529,712.99000000,87c72e54-40a0-4baf-b04c-84530870f0d4,canceled,sell,0.90000000
done,2018-08-03T01:25:46.205000Z,BCH-USD,5070108536,710.02000000,b38c3538-687b-4d74-94cc-e6906ae7c825,canceled,buy,3.78069100
done,2018-08-03T01:25:46.209000Z,BCH-USD,5070108539,712.98000000,73621553-182f-4ef9-8046-c6192fc24544,canceled,sell,0.90000000
done,2018-08-03T01:25:46.210000Z,BCH-USD,5070108540,712.99000000,d6f1d388-0378-4a5e-8a77-eb6f004f9911,canceled,sell,4.50000000
done,2018-08-03T01:25:46.210000Z,BCH-USD,5070108541,712.99000000,64f209f4-cb11-44c1-aab4-6730260b0e3e,canceled,sell,1.90000000
done,2018-08-03T01:25:46.221000Z,BCH-USD,5070108550,710.01000000,c41d43c3-ab61-400b-b9c8-abb7611f11fc,canceled,buy,3.78069100
done,2018-08-03T01:25:46.223000Z,BCH-USD,5070108551,712.99000000,57da991e-bd02-42fb-a3d6-b3b3f9ae9ef8,canceled,sell,0.90000000
done,2018-08-03T01:25:46.223000Z,BCH-USD,5070108552,713.29000000,f830bf44-f9ec-4917-8dc7-21c76ca29ada,canceled,sell,1.90000000
done,2018-08-03T01:25:46.229000Z,BCH-USD,5070108559,712.98000000,db378050-d5d6-477b-824c-e5736d40ab3f,canceled,sell,1.90000000
done,2018-08-03T01:25:46.239000Z,BCH-USD,5070108566,713.06000000,09088517-5ec7-42a3-a374-ccc87f12bfb7,canceled,sell,1.90000000
done,2018-08-03T01:25:46.252000Z,BCH-USD,5070108571,712.99000000,b2c66c25-44df-4436-8ba1-7fc80b0d77d5,canceled,sell,1.90000000
done,2018-08-03T01:25:46.252000Z,BCH-USD,5070108572,712.98000000,a647276a-707b-4094-8895-3fdab9378884,canceled,sell,4.50000000
done,2018-08-03T01:25:46.254000Z,BCH-USD,5070108573,713.29000000,a8154a55-41c2-40ae-9c66-33a2067560c7,canceled,sell,1.90000000
done,2018-08-03T01:25:46.261000Z,BCH-USD,5070108582,712.97000000,24caf3e1-c6f9-43bc-b5f2-224764d90b55,canceled,sell,1.90000000
done,2018-08-03T01:25:46.262000Z,BCH-USD,5070108583,713.06000000,0a99e469-7591-46c4-96c0-3cca0dfd4afd,canceled,sell,1.90000000
done,2018-08-03T01:25:46.263000Z,BCH-USD,5070108584,710.02000000,3fbfcbf7-339c-400b-bea9-aedddcc72a22,canceled,buy,3.78069100
done,2018-08-03T01:25:46.265000Z,BCH-USD,5070108585,712.97000000,3985da5f-9507-44fd-a189-47d719023435,canceled,sell,4.50000000
done,2018-08-03T01:25:46.267000Z,BCH-USD,5070108586,712.98000000,50557c05-cf93-4970-bbfc-07411d3d4a52,canceled,sell,0.90000000
done,2018-08-03T01:25:46.283000Z,BCH-USD,5070108597,713.29000000,fb151604-0a0f-4223-9cdd-ac36a60df7fd,canceled,sell,1.90000000
done,2018-08-03T01:25:46.284000Z,BCH-USD,5070108598,711.22000000,3c2c3187-f8fb-437e-aad8-5f4bc85340e6,canceled,buy,2.00000000
done,2018-08-03T01:25:46.285000Z,BCH-USD,5070108599,712.99000000,d4c959df-51b3-4fca-ac9c-7cba2b55c651,canceled,sell,0.90000000
done,2018-08-03T01:25:46.286000Z,BCH-USD,5070108600,712.99000000,2b648a01-915d-4f63-bf56-597fd031a845,canceled,sell,1.90000000
done,2018-08-03T01:25:46.287000Z,BCH-USD,5070108603,712.99000000,2cdc9ce7-ef9e-4de0-823a-bf73c3bf25e9,canceled,sell,4.50000000
done,2018-08-03T01:25:46.291000Z,BCH-USD,5070108604,712.50000000,aa2afdd4-58a0-492d-8eab-9b207f9e45ad,canceled,sell,0.70720000
done,2018-08-03T01:25:46.298000Z,BCH-USD,5070108615,712.98000000,df7e011f-4f2f-4acf-94b2-521c81038bf4,canceled,sell,0.90000000
done,2018-08-03T01:25:46.299000Z,BCH-USD,5070108616,712.98000000,9d1a88ce-bbe9-498b-beda-59ec050e8801,canceled,sell,1.90000000
done,2018-08-03T01:25:46.300000Z,BCH-USD,5070108617,713.06000000,f27b5cbc-83aa-405a-87aa-602f36cd456c,canceled,sell,1.90000000
done,2018-08-03T01:25:46.302000Z,BCH-USD,5070108618,712.98000000,68a87e31-ae31-45bb-96c6-e0b7158cc5b3,canceled,sell,4.50000000
done,2018-08-03T01:25:46.307000Z,BCH-USD,5070108623,710.03000000,78bd57d0-3ed9-43bf-84b9-b201579e4007,canceled,buy,3.78069100
done,2018-08-03T01:25:46.311000Z,BCH-USD,5070108628,714.82000000,1bdc4397-68f3-4130-91e9-2602f9a8fc4a,canceled,sell,11.72000000
done,2018-08-03T01:25:46.316000Z,BCH-USD,5070108633,712.99000000,39f77ba3-9126-4ef2-baf2-7d0d2b6f5499,canceled,sell,4.50000000
done,2018-08-03T01:25:46.316000Z,BCH-USD,5070108634,712.99000000,514c638c-2733-40e2-838c-04699e782f83,canceled,sell,1.90000000
done,2018-08-03T01:25:46.318000Z,BCH-USD,5070108639,713.29000000,b60faac3-d9b8-41aa-8e34-2772fc4758f5,canceled,sell,1.90000000
done,2018-08-03T01:25:46.319000Z,BCH-USD,5070108640,712.99000000,f8f7617a-3f8c-4a4e-981a-0ffd5f2e652b,canceled,sell,0.90000000
done,2018-08-03T01:25:46.334000Z,BCH-USD,5070108649,713.06000000,170b3ce2-3113-48a7-8bac-08ca2a6df782,canceled,sell,1.90000000
done,2018-08-03T01:25:46.335000Z,BCH-USD,5070108650,712.98000000,200f9513-addf-4ebf-8dae-5a6b78b35a83,canceled,sell,0.90000000
done,2018-08-03T01:25:46.337000Z,BCH-USD,5070108651,712.98000000,c3f4b343-791e-40c7-ae3b-78de69273f77,canceled,sell,1.90000000
done,2018-08-03T01:25:46.338000Z,BCH-USD,5070108652,712.98000000,6801113f-9a24-4c2a-993c-2247d9d45995,canceled,sell,4.50000000
done,2018-08-03T01:25:46.349000Z,BCH-USD,5070108657,710.04000000,34f76614-db80-4f8e-a79b-6151a6c02dc7,canceled,buy,3.78069100
done,2018-08-03T01:25:46.364000Z,BCH-USD,5070108666,710.05000000,473df0db-79d5-4f08-9d34-b097a36b0a19,canceled,buy,3.78069100
done,2018-08-03T01:25:46.367000Z,BCH-USD,5070108667,712.99000000,7d043fc5-172a-45fc-8ada-a7c1bf161ea5,canceled,sell,4.50000000
done,2018-08-03T01:25:46.368000Z,BCH-USD,5070108668,712.99000000,6ca062f4-b7b2-4bdf-801f-44a844bc7f94,canceled,sell,1.90000000
done,2018-08-03T01:25:46.374000Z,BCH-USD,5070108673,712.99000000,7f242816-f228-4ca4-bae3-a8eb492d9cce,canceled,sell,0.90000000
done,2018-08-03T01:25:46.375000Z,BCH-USD,5070108674,713.29000000,141406c2-5e9f-4d97-ac56-90ac5120892c,canceled,sell,1.90000000
done,2018-08-03T01:25:46.376000Z,BCH-USD,5070108675,710.01000000,62f52da5-79bb-453f-ad2b-22da32a705d2,canceled,buy,3.78069100
done,2018-08-03T01:25:46.378000Z,BCH-USD,5070108676,712.98000000,77eb5ffd-13be-4f36-8160-32144b7b2fe3,canceled,sell,4.50000000
done,2018-08-03T01:25:46.384000Z,BCH-USD,5070108679,713.06000000,7e3b4210-7432-44b5-b74c-965f36759010,canceled,sell,1.90000000
done,2018-08-03T01:25:46.389000Z,BCH-USD,5070108684,712.98000000,a1c68a3e-e0cf-4d85-95e2-fb3cf0a69f37,canceled,sell,0.90000000
done,2018-08-03T01:25:46.393000Z,BCH-USD,5070108685,712.98000000,6c05a007-5bf8-4fa3-95e3-73bb7c721d4b,canceled,sell,1.90000000
done,2018-08-03T01:25:46.398000Z,BCH-USD,5070108688,710.02000000,15243e1c-7598-4b9e-8dbd-8e98d4f47da2,canceled,buy,3.78069100
done,2018-08-03T01:25:46.413000Z,BCH-USD,5070108695,712.99000000,a8c9038a-23a8-4e7d-91fa-fbc0c1a1231a,canceled,sell,4.50000000
done,2018-08-03T01:25:46.415000Z,BCH-USD,5070108696,713.29000000,94bd9b36-1b3b-477e-b6c9-ac8e1366e038,canceled,sell,1.90000000
done,2018-08-03T01:25:46.416000Z,BCH-USD,5070108697,712.99000000,5636d32f-9e33-4f7b-a14b-83c400e942eb,canceled,sell,0.90000000
done,2018-08-03T01:25:46.541000Z,BCH-USD,5070108706,713.06000000,9ebbdda1-6b97-4615-a8e2-4b8b8b3f0590,canceled,sell,1.90000000
done,2018-08-03T01:25:46.543000Z,BCH-USD,5070108707,712.98000000,24a9c90f-22e8-4cbf-810e-545c07b67bf2,canceled,sell,0.90000000
done,2018-08-03T01:25:46.543000Z,BCH-USD,5070108708,710.01000000,73a68919-880b-4d21-9620-2c798db39648,canceled,buy,3.78069100
done,2018-08-03T01:25:46.551000Z,BCH-USD,5070108713,712.98000000,16aeda16-9e41-4221-9788-c0d4dd05a669,canceled,sell,4.50000000
done,2018-08-03T01:25:46.557000Z,BCH-USD,5070108718,710.02000000,c15c6767-958a-4ced-ad98-71b67b5bb711,canceled,buy,3.78069100
done,2018-08-03T01:25:46.564000Z,BCH-USD,5070108721,712.99000000,25d1416d-ca89-4e80-b8ee-6897fcc21a8a,canceled,sell,1.90000000
done,2018-08-03T01:25:46.569000Z,BCH-USD,5070108724,712.99000000,2fa01ba1-f92a-4b72-bd20-f2a198ae1417,canceled,sell,4.50000000
done,2018-08-03T01:25:46.571000Z,BCH-USD,5070108725,712.99000000,24b24235-097a-4920-826b-27328b6ec7a6,canceled,sell,0.90000000
done,2018-08-03T01:25:46.572000Z,BCH-USD,5070108728,713.29000000,be82e899-f968-448e-ac53-1c753d0963be,canceled,sell,1.90000000
done,2018-08-03T01:25:46.579000Z,BCH-USD,5070108733,712.98000000,7903a5b4-df1e-42b2-adce-03d202eb06c3,canceled,sell,1.90000000
done,2018-08-03T01:25:46.582000Z,BCH-USD,5070108734,712.98000000,936e0884-e0b2-44c3-9125-33041666a4b2,canceled,sell,4.50000000
done,2018-08-03T01:25:46.587000Z,BCH-USD,5070108739,712.98000000,ebcbb10d-8b88-43aa-b230-163572b8298d,canceled,sell,0.90000000
done,2018-08-03T01:25:46.592000Z,BCH-USD,5070108742,713.06000000,172985f8-66ab-4be8-b470-05d1226edc37,canceled,sell,1.90000000
done,2018-08-03T01:25:46.599000Z,BCH-USD,5070108745,712.97000000,87b55863-cdf4-4196-a91d-d1fcf0b7e856,canceled,sell,0.90000000
done,2018-08-03T01:25:46.601000Z,BCH-USD,5070108746,712.99000000,d2b9baf8-b73e-49c0-85c5-6f615dc34fe2,canceled,sell,4.50000000
done,2018-08-03T01:25:46.606000Z,BCH-USD,5070108749,713.29000000,7e55963e-3a79-47d6-93d3-585fd4d5aa91,canceled,sell,1.90000000
done,2018-08-03T01:25:46.608000Z,BCH-USD,5070108752,710.01000000,a2a96d67-bd34-4a82-a70f-3cd6803d0ef0,canceled,buy,3.78069100
done,2018-08-03T01:25:46.612000Z,BCH-USD,5070108755,712.98000000,ea8546ef-7efa-4c9a-95fa-aa0b17931e08,canceled,sell,4.50000000
done,2018-08-03T01:25:46.620000Z,BCH-USD,5070108760,710.02000000,1828d5de-94e8-4828-852d-8dd46c07c681,canceled,buy,3.78069100
done,2018-08-03T01:25:46.635000Z,BCH-USD,5070108765,710.03000000,02bec2a1-0b17-42e5-941e-e84e29e5afae,canceled,buy,3.78069100
done,2018-08-03T01:25:46.645000Z,BCH-USD,5070108768,712.99000000,0f7818fb-1190-4a9c-a8a0-d4288356a234,canceled,sell,1.90000000
done,2018-08-03T01:25:46.646000Z,BCH-USD,5070108769,712.99000000,0d03db96-5864-4803-aa24-83c43da7e9d5,canceled,sell,4.50000000
done,2018-08-03T01:25:46.650000Z,BCH-USD,5070108770,710.01000000,5f021419-0dcc-4565-a2db-295b29fe775a,canceled,buy,3.78069100
done,2018-08-03T01:25:46.660000Z,BCH-USD,5070108775,712.98000000,8c88a84a-899b-4327-a2ff-5874078aca1c,canceled,sell,4.50000000
done,2018-08-03T01:25:46.661000Z,BCH-USD,5070108776,712.98000000,c6ca6263-d062-411b-82e2-716025ceb5d0,canceled,sell,1.90000000
done,2018-08-03T01:25:46.675000Z,BCH-USD,5070108779,710.02000000,f6ee693d-d439-4e8d-90e3-d3b8374f9bc7,canceled,buy,3.78069100
done,2018-08-03T01:25:46.680000Z,BCH-USD,5070108782,712.97000000,4130e612-a37c-4eb9-9235-7160cc0fe996,canceled,sell,1.90000000
done,2018-08-03T01:25:46.684000Z,BCH-USD,5070108785,713.06000000,95d7c012-9128-4f25-bf2e-f14003b1c965,canceled,sell,1.90000000
done,2018-08-03T01:25:46.685000Z,BCH-USD,5070108786,712.98000000,69505cd6-3381-4983-a933-5e55a98f5ced,canceled,sell,0.90000000
done,2018-08-03T01:25:46.685000Z,BCH-USD,5070108787,712.97000000,9ee8fb1b-b667-41a9-8cfb-ae54550fb162,canceled,sell,4.50000000
done,2018-08-03T01:25:46.696000Z,BCH-USD,5070108794,710.01000000,b91a2888-efb5-4b7b-ac48-6e5a04408576,canceled,buy,3.78069100
done,2018-08-03T01:25:46.716000Z,BCH-USD,5070108799,712.99000000,34399d1a-09ca-44f3-b5bd-b7dac4ccf4c2,canceled,sell,1.90000000
done,2018-08-03T01:25:46.716000Z,BCH-USD,5070108800,712.99000000,ded75e8c-cf97-4cc9-b0dc-85cc412f5829,canceled,sell,4.50000000
done,2018-08-03T01:25:46.724000Z,BCH-USD,5070108805,710.02000000,ab82e261-17ca-4ffa-9ead-b19cee2626a0,canceled,buy,3.78069100
done,2018-08-03T01:25:46.724000Z,BCH-USD,5070108806,712.98000000,edd16a37-e4ce-46f4-bada-13f8ef718099,canceled,sell,1.90000000
done,2018-08-03T01:25:46.729000Z,BCH-USD,5070108809,712.98000000,d0bf33fd-9d2d-4f35-9b9e-c3df68290121,canceled,sell,4.50000000
done,2018-08-03T01:25:46.733000Z,BCH-USD,5070108810,712.99000000,cd884a82-d8e3-48a4-87c4-21d5790202dc,canceled,sell,0.90000000
done,2018-08-03T01:25:46.733000Z,BCH-USD,5070108811,713.29000000,d7425725-0aac-466c-8e88-571dae7fd003,canceled,sell,1.90000000
done,2018-08-03T01:25:46.746000Z,BCH-USD,5070108816,710.01000000,75b8903e-48bf-4ec9-963c-03f1b8dbd81f,canceled,buy,3.78069100
done,2018-08-03T01:25:46.750000Z,BCH-USD,5070108819,712.98000000,f633cd04-d606-4f83-8fc4-da3f75686872,canceled,sell,0.90000000
done,2018-08-03T01:25:46.759000Z,BCH-USD,5070108826,713.06000000,aa6c120c-7bd8-4663-b398-ab946d7950f8,canceled,sell,1.90000000
done,2018-08-03T01:25:46.763000Z,BCH-USD,5070108829,712.99000000,2e6d0d6c-412a-452a-87cb-b501d1dadff8,canceled,sell,0.90000000
done,2018-08-03T01:25:46.764000Z,BCH-USD,5070108830,710.02000000,4791c264-79d1-4217-8165-000e1568242b,canceled,buy,3.78069100
done,2018-08-03T01:25:46.766000Z,BCH-USD,5070108833,712.99000000,181adab5-b57c-429e-a8e9-9329f306c2bf,canceled,sell,4.50000000
done,2018-08-03T01:25:46.767000Z,BCH-USD,5070108834,712.99000000,ac08a8ef-c60f-4725-82c0-7253c7dd435e,canceled,sell,1.90000000
done,2018-08-03T01:25:46.769000Z,BCH-USD,5070108835,713.29000000,6dd83be5-a16f-4206-8fc5-efc959222c04,canceled,sell,1.90000000
done,2018-08-03T01:25:46.776000Z,BCH-USD,5070108842,710.01000000,8bbbd3f7-4ddc-4a67-a369-5482dc3d0e8e,canceled,buy,3.78069100
done,2018-08-03T01:25:46.779000Z,BCH-USD,5070108845,712.98000000,0547e5f0-1f3b-4a0d-a0a8-a5132067bdb0,canceled,sell,1.90000000
done,2018-08-03T01:25:46.780000Z,BCH-USD,5070108848,712.98000000,58f0beb7-7aec-4e2d-8e7a-b5d70d399943,canceled,sell,0.90000000
done,2018-08-03T01:25:46.785000Z,BCH-USD,5070108849,713.06000000,530e24b6-d2b5-4e53-a584-aaee8be1be33,canceled,sell,1.90000000
done,2018-08-03T01:25:46.790000Z,BCH-USD,5070108852,712.98000000,5c354c74-d98f-44a0-ba3f-b8415e0c4784,canceled,sell,4.50000000
done,2018-08-03T01:25:46.794000Z,BCH-USD,5070108855,712.99000000,9cbf504c-0a7d-4172-a456-3846e020da2a,canceled,sell,0.90000000
done,2018-08-03T01:25:46.802000Z,BCH-USD,5070108858,710.02000000,7e4114b7-6453-4ceb-840b-e33ca5518f1e,canceled,buy,3.78069100
done,2018-08-03T01:25:46.809000Z,BCH-USD,5070108865,712.98000000,1f90e887-b388-4686-9622-e52691fafe43,canceled,sell,0.90000000
done,2018-08-03T01:25:46.814000Z,BCH-USD,5070108868,713.29000000,47fbfcb9-d37a-428a-a85b-6e0630b5e178,canceled,sell,1.90000000
done,2018-08-03T01:25:46.817000Z,BCH-USD,5070108871,712.99000000,1923fefb-7d74-4fb6-8646-d1f8908b8349,canceled,sell,1.90000000
done,2018-08-03T01:25:46.818000Z,BCH-USD,5070108872,710.01000000,5f271802-5967-421f-87df-19b1993c1566,canceled,buy,3.78069100
done,2018-08-03T01:25:46.818000Z,BCH-USD,5070108873,712.99000000,11810c54-53b0-4d6b-add1-3c5fcd056f1c,canceled,sell,0.90000000
done,2018-08-03T01:25:46.819000Z,BCH-USD,5070108874,712.99000000,c605be10-f9d0-40ba-aaef-c3f903085ce2,canceled,sell,4.50000000
