type,time,product_id,sequence,order_id,funds,size,price,side,order_type
match,38722085,4664709473,9cb2e49d-d2b6-426a-9bb4-63da6dd4d338,c88f9b2e-c4f6-4ef7-8590-18fdc5ca428f,2018-08-14T00:33:16.423000Z,ETH-USD,0.25000000,273.07000000,buy
match,38722086,4664709484,6df40528-175d-4cf0-bd3e-5a903007e448,9cc33068-f0a4-4b92-bfdf-237f69c72660,2018-08-14T00:33:16.444000Z,ETH-USD,0.50000000,273.08000000,sell
match,38722087,4664709486,23dd3cef-92ee-40f6-bc25-1fed6e535346,9cc33068-f0a4-4b92-bfdf-237f69c72660,2018-08-14T00:33:16.444000Z,ETH-USD,0.30000000,273.26000000,sell
match,38722088,4664710014,23dd3cef-92ee-40f6-bc25-1fed6e535346,7db22b5d-cfe4-44bf-bab9-8cf568044f91,2018-08-14T00:33:19.231000Z,ETH-USD,0.23086900,273.26000000,sell
match,38722089,4664710016,874b032b-3fa3-40e9-8c4b-e7c6733cde44,7db22b5d-cfe4-44bf-bab9-8cf568044f91,2018-08-14T00:33:19.231000Z,ETH-USD,1.76913100,273.26000000,sell
match,38722090,4664710053,a50996ba-8b5d-488a-9c76-2428678aaba4,029feffa-db87-4226-8fa0-2d5391cc6315,2018-08-14T00:33:19.751000Z,ETH-USD,0.01818507,273.25000000,buy
match,38722091,4664710421,874b032b-3fa3-40e9-8c4b-e7c6733cde44,93c4f2b2-9112-4d8b-9be1-889802d82438,2018-08-14T00:33:21.923000Z,ETH-USD,0.16775162,273.26000000,sell
match,38722092,4664710433,874b032b-3fa3-40e9-8c4b-e7c6733cde44,63413035-876a-4c4e-921c-5ba5b7d91eb4,2018-08-14T00:33:21.953000Z,ETH-USD,0.06311738,273.26000000,sell
match,38722093,4664710435,df4f95c2-cabf-4ba8-81ae-48e59575c832,63413035-876a-4c4e-921c-5ba5b7d91eb4,2018-08-14T00:33:21.953000Z,ETH-USD,0.18119986,273.26000000,sell
match,38722094,4664710529,df4f95c2-cabf-4ba8-81ae-48e59575c832,db9ba8c6-7278-4124-aff6-dc272e5d59d5,2018-08-14T00:33:22.584000Z,ETH-USD,5.00000000,273.26000000,sell
match,38722095,4664710562,a50996ba-8b5d-488a-9c76-2428678aaba4,e6037ad1-86ca-466d-8c42-0df2856d335b,2018-08-14T00:33:22.739000Z,ETH-USD,10.00000000,273.25000000,buy
match,38722096,4664710613,9cb2e49d-d2b6-426a-9bb4-63da6dd4d338,f2750238-f791-441a-822a-6e6f05eba52e,2018-08-14T00:33:22.840000Z,ETH-USD,19.75000000,273.07000000,buy
match,38722097,4664710615,1def8aa0-564a-4392-910c-0cc485220963,f2750238-f791-441a-822a-6e6f05eba52e,2018-08-14T00:33:22.840000Z,ETH-USD,2.00000000,272.94000000,buy
match,38722098,4664710617,85339110-643d-4be3-9c0a-9a6719029abc,f2750238-f791-441a-822a-6e6f05eba52e,2018-08-14T00:33:22.840000Z,ETH-USD,2.93529100,272.94000000,buy
match,38722099,4664710619,b7841be0-3ccb-4d31-96de-ebbf011b025e,f2750238-f791-441a-822a-6e6f05eba52e,2018-08-14T00:33:22.840000Z,ETH-USD,6.31470900,272.91000000,buy
match,38722100,4664710822,c71fa3dc-945d-4768-8740-e18568fa623d,6632cfef-3ebf-4e75-be58-cffe9be88556,2018-08-14T00:33:23.446000Z,ETH-USD,1.00000000,272.97000000,sell
match,38722101,4664710824,f566f0d7-a9a2-4aba-afef-d7fa37ae9ca9,6632cfef-3ebf-4e75-be58-cffe9be88556,2018-08-14T00:33:23.446000Z,ETH-USD,0.03000000,273.26000000,sell
match,38722102,4664710826,3e938895-7bf6-4aff-b880-d9de60ec7fbc,6632cfef-3ebf-4e75-be58-cffe9be88556,2018-08-14T00:33:23.446000Z,ETH-USD,0.71700000,273.26000000,sell
match,38722103,4664711052,373dc0c3-ffa1-4dd2-94dd-b1e043892330,d7343175-1e35-45ae-a22f-6b6b0284497b,2018-08-14T00:33:24.555000Z,ETH-USD,0.08746700,273.25000000,buy
match,38722104,4664711227,56e5242d-8de5-4fd3-bc14-ea408fbaf7a8,2f2cbe06-b615-4e0b-a1a5-ca4ab1f3859a,2018-08-14T00:33:25.399000Z,ETH-USD,0.42661632,273.25000000,sell
match,38722105,4664711303,56e5242d-8de5-4fd3-bc14-ea408fbaf7a8,c7f7bec0-44b4-469f-8590-ec54f46b0390,2018-08-14T00:33:26.057000Z,ETH-USD,5.23374371,273.25000000,sell
match,38722106,4664711305,3a535d59-7551-4a3c-a796-e7c6d3199dcc,c7f7bec0-44b4-469f-8590-ec54f46b0390,2018-08-14T00:33:26.057000Z,ETH-USD,2.00000000,273.25000000,sell
match,38722107,4664711316,3e938895-7bf6-4aff-b880-d9de60ec7fbc,3f5ebb69-ca40-43b1-a62e-1058658f9468,2018-08-14T00:33:26.075000Z,ETH-USD,0.56300000,273.26000000,sell
match,38722108,4664711318,72c7e01d-b99e-41dc-b513-6594caacee75,3f5ebb69-ca40-43b1-a62e-1058658f9468,2018-08-14T00:33:26.075000Z,ETH-USD,1.23322936,273.26000000,sell
match,38722109,4664711842,72c7e01d-b99e-41dc-b513-6594caacee75,5fe320f1-bf7a-4e05-b0e5-bfe94e65d4fa,2018-08-14T00:33:28.439000Z,ETH-USD,0.01677064,273.26000000,sell
match,38722110,4664711844,4ebaf79d-3ba0-4d33-b91b-4ca049f10bed,5fe320f1-bf7a-4e05-b0e5-bfe94e65d4fa,2018-08-14T00:33:28.439000Z,ETH-USD,0.12000000,273.26000000,sell
match,38722111,4664711846,0e70acb6-d5d1-4893-91e0-dd0d3db40c56,5fe320f1-bf7a-4e05-b0e5-bfe94e65d4fa,2018-08-14T00:33:28.439000Z,ETH-USD,0.02000000,273.26000000,sell
match,38722112,4664711848,41b854c7-aea1-4401-a5ec-08895f0850e1,5fe320f1-bf7a-4e05-b0e5-bfe94e65d4fa,2018-08-14T00:33:28.439000Z,ETH-USD,0.07369800,273.26000000,sell
match,38722113,4664711850,f9e82cf7-3c90-49c9-804b-1b20bc1c5c86,5fe320f1-bf7a-4e05-b0e5-bfe94e65d4fa,2018-08-14T00:33:28.439000Z,ETH-USD,0.03000000,273.26000000,sell
match,38722114,4664711852,f5de2e14-a65c-4c57-ad80-2a612cfdd2bd,5fe320f1-bf7a-4e05-b0e5-bfe94e65d4fa,2018-08-14T00:33:28.439000Z,ETH-USD,0.02000000,273.26000000,sell
match,38722115,4664711854,d8798434-9bee-47d4-bbda-c0a8adfb6eff,5fe320f1-bf7a-4e05-b0e5-bfe94e65d4fa,2018-08-14T00:33:28.439000Z,ETH-USD,0.02000000,273.26000000,sell
match,38722116,4664711856,b58a967f-8017-48ae-90cf-ea02379eb967,5fe320f1-bf7a-4e05-b0e5-bfe94e65d4fa,2018-08-14T00:33:28.439000Z,ETH-USD,0.10000000,273.26000000,sell
match,38722117,4664711858,7490fbe5-14c4-43de-8f29-b4a6f35389e7,5fe320f1-bf7a-4e05-b0e5-bfe94e65d4fa,2018-08-14T00:33:28.439000Z,ETH-USD,0.19000000,273.26000000,sell
match,38722118,4664711860,4861ba73-7df0-498d-b92b-eb77a4ddd334,5fe320f1-bf7a-4e05-b0e5-bfe94e65d4fa,2018-08-14T00:33:28.439000Z,ETH-USD,0.48590314,273.26000000,sell
match,38722119,4664711974,4861ba73-7df0-498d-b92b-eb77a4ddd334,2e545d4b-006b-47ca-9f18-664e7bbdc639,2018-08-14T00:33:29.102000Z,ETH-USD,1.79392870,273.26000000,sell
match,38722120,4664712825,1a84ff9f-124c-4e57-9609-776a35f20c4a,11b11cba-17b7-4000-a62d-0bd4e334d72f,2018-08-14T00:33:35.255000Z,ETH-USD,0.01019000,273.26000000,sell
match,38722121,4664712827,c76710db-0288-40f5-9154-bdabae5e54f6,11b11cba-17b7-4000-a62d-0bd4e334d72f,2018-08-14T00:33:35.255000Z,ETH-USD,0.13000000,273.26000000,sell
match,38722122,4664712829,2fbdd1ee-dfdf-4fa1-a0db-8605570c193c,11b11cba-17b7-4000-a62d-0bd4e334d72f,2018-08-14T00:33:35.255000Z,ETH-USD,0.07000000,273.26000000,sell
match,38722123,4664712831,04c9f679-3a77-49ed-acc9-040bfd6a81fb,11b11cba-17b7-4000-a62d-0bd4e334d72f,2018-08-14T00:33:35.255000Z,ETH-USD,0.16000000,273.26000000,sell
match,38722124,4664712833,87250c17-c69d-4573-af8f-e469413019f8,11b11cba-17b7-4000-a62d-0bd4e334d72f,2018-08-14T00:33:35.255000Z,ETH-USD,0.05000000,273.26000000,sell
match,38722125,4664712835,8fcb7c92-e5b6-4314-8608-8bb2496d4ba4,11b11cba-17b7-4000-a62d-0bd4e334d72f,2018-08-14T00:33:35.255000Z,ETH-USD,0.13000000,273.26000000,sell
match,38722126,4664712837,01a704c7-5d32-421c-8006-d8a91e0e0863,11b11cba-17b7-4000-a62d-0bd4e334d72f,2018-08-14T00:33:35.255000Z,ETH-USD,0.04000000,273.26000000,sell
match,38722127,4664712839,44a7e490-543e-489b-8061-ac0f8790f67d,11b11cba-17b7-4000-a62d-0bd4e334d72f,2018-08-14T00:33:35.255000Z,ETH-USD,0.03000000,273.26000000,sell
match,38722128,4664712841,6858297f-6eb4-45c2-927c-b500f65308ec,11b11cba-17b7-4000-a62d-0bd4e334d72f,2018-08-14T00:33:35.255000Z,ETH-USD,0.08000000,273.26000000,sell
match,38722129,4664712843,772d22c6-78f6-4cc2-9d87-0dabc51468f4,11b11cba-17b7-4000-a62d-0bd4e334d72f,2018-08-14T00:33:35.255000Z,ETH-USD,0.12000000,273.31000000,sell
match,38722130,4664712845,4aef4af9-63c9-4631-a13a-8d3500700875,11b11cba-17b7-4000-a62d-0bd4e334d72f,2018-08-14T00:33:35.255000Z,ETH-USD,0.01000000,273.31000000,sell
match,38722131,4664712847,99e8236a-b34d-44b5-a3ea-93d50ce0c6fe,11b11cba-17b7-4000-a62d-0bd4e334d72f,2018-08-14T00:33:35.255000Z,ETH-USD,0.12000000,273.31000000,sell
match,38722132,4664712849,61784662-88e5-411f-b438-07ba7d5c90d1,11b11cba-17b7-4000-a62d-0bd4e334d72f,2018-08-14T00:33:35.255000Z,ETH-USD,6.22552478,273.33000000,sell
match,38722133,4664713117,47dd4694-b64d-4199-afdb-7f43fb77783d,5331e1d8-850b-4702-8bcd-30c1aba615f3,2018-08-14T00:33:36.355000Z,ETH-USD,1.00000000,273.32000000,buy
match,38722134,4664713127,889a3d4a-6940-42e3-827d-b679d45acfdb,0caa47da-2c11-450e-84a3-60ec8fbdb83d,2018-08-14T00:33:36.375000Z,ETH-USD,5.90300000,273.32000000,buy
match,38722135,4664713729,aef1de78-974e-461d-b45a-c6d81d4e1948,9214e28f-821b-4b2d-aa96-e292fca21b88,2018-08-14T00:33:39.081000Z,ETH-USD,0.08924855,273.26000000,sell
match,38722136,4664713763,aef1de78-974e-461d-b45a-c6d81d4e1948,fc0b95b4-f1d5-4d25-ab9a-259d1ee24d0a,2018-08-14T00:33:39.352000Z,ETH-USD,3.15144617,273.26000000,sell
match,38722137,4664714106,aef1de78-974e-461d-b45a-c6d81d4e1948,20439b84-eadc-44d9-9afd-c8a69c46c04c,2018-08-14T00:33:41.545000Z,ETH-USD,2.68381761,273.26000000,sell
match,38722138,4664714108,b1c0bcc3-32e3-43ca-830d-be73143f7edb,20439b84-eadc-44d9-9afd-c8a69c46c04c,2018-08-14T00:33:41.545000Z,ETH-USD,4.91300000,273.26000000,sell
match,38722139,4664714110,0800f965-76a0-4a7c-b9dd-f6cb62c20d66,20439b84-eadc-44d9-9afd-c8a69c46c04c,2018-08-14T00:33:41.545000Z,ETH-USD,0.02000000,273.26000000,sell
match,38722140,4664714112,628a5057-81c7-44c3-ab9f-57c36af57cdb,20439b84-eadc-44d9-9afd-c8a69c46c04c,2018-08-14T00:33:41.545000Z,ETH-USD,0.03000000,273.26000000,sell
match,38722141,4664714114,0eba8839-36b4-43f4-a04d-51094da9af15,20439b84-eadc-44d9-9afd-c8a69c46c04c,2018-08-14T00:33:41.545000Z,ETH-USD,0.01000000,273.26000000,sell
match,38722142,4664714116,3fe691ac-098d-46e6-86a8-c8e29e2f3c89,20439b84-eadc-44d9-9afd-c8a69c46c04c,2018-08-14T00:33:41.545000Z,ETH-USD,0.12000000,273.26000000,sell
match,38722143,4664714118,9bda2718-bb51-4c9d-9363-7f6dd1e3d9bf,20439b84-eadc-44d9-9afd-c8a69c46c04c,2018-08-14T00:33:41.545000Z,ETH-USD,0.02000000,273.27000000,sell
match,38722144,4664714120,0e940d8c-0436-43e7-bd51-4d37a728b82f,20439b84-eadc-44d9-9afd-c8a69c46c04c,2018-08-14T00:33:41.545000Z,ETH-USD,0.32000000,273.27000000,sell
match,38722145,4664714122,020f0aea-e29e-4a98-b2b2-34276761b2ec,20439b84-eadc-44d9-9afd-c8a69c46c04c,2018-08-14T00:33:41.545000Z,ETH-USD,8.85714294,273.34000000,sell
match,38722146,4664714230,020f0aea-e29e-4a98-b2b2-34276761b2ec,2833029a-1344-4407-ac6b-ba8002218e7d,2018-08-14T00:33:42.044000Z,ETH-USD,0.07293548,273.34000000,sell
match,38722147,4664714661,020f0aea-e29e-4a98-b2b2-34276761b2ec,9c0be3a1-b140-4860-8afc-904a7ea22f7a,2018-08-14T00:33:44.199000Z,ETH-USD,5.38178609,273.34000000,sell
match,38722148,4664714812,f564e2ad-10ea-4945-b292-9451ecf3149a,8236eb80-11a5-456a-ab32-f056a89a05b5,2018-08-14T00:33:44.543000Z,ETH-USD,0.18938463,273.26000000,sell
match,38722149,4664714948,c7f7bec0-44b4-469f-8590-ec54f46b0390,2e2eccdf-9750-4903-b57b-04831b3f8a23,2018-08-14T00:33:44.940000Z,ETH-USD,0.18940000,273.25000000,buy
match,38722150,4664715185,c7f7bec0-44b4-469f-8590-ec54f46b0390,2c68ee78-3222-455e-b0a8-1e8a19a10bf9,2018-08-14T00:33:45.963000Z,ETH-USD,92.57685629,273.25000000,buy
match,38722151,4664715187,a91d544e-c436-4e51-b644-db4b37a93a1e,2c68ee78-3222-455e-b0a8-1e8a19a10bf9,2018-08-14T00:33:45.963000Z,ETH-USD,0.50317157,273.25000000,buy
match,38722152,4664715189,89b839ae-86e8-435f-b38e-bb7ab69eaf1c,2c68ee78-3222-455e-b0a8-1e8a19a10bf9,2018-08-14T00:33:45.963000Z,ETH-USD,0.23787740,273.25000000,buy
match,38722153,4664715191,f0834be3-f603-4e3a-bf11-d98767e4ee13,2c68ee78-3222-455e-b0a8-1e8a19a10bf9,2018-08-14T00:33:45.963000Z,ETH-USD,0.00989474,273.25000000,buy
match,38722154,4664715202,f0834be3-f603-4e3a-bf11-d98767e4ee13,9f8b96b7-78d1-4f19-b29e-2f6ad1193e73,2018-08-14T00:33:45.986000Z,ETH-USD,0.00024526,273.25000000,buy
match,38722155,4664715204,d1648ab4-5bb6-4faa-bab4-b5bced2d70b7,9f8b96b7-78d1-4f19-b29e-2f6ad1193e73,2018-08-14T00:33:45.986000Z,ETH-USD,0.02535474,273.24000000,buy
match,38722156,4664715228,d1648ab4-5bb6-4faa-bab4-b5bced2d70b7,8d5bd461-fae8-4418-9d2a-90a7765ca354,2018-08-14T00:33:46.014000Z,ETH-USD,0.00026283,273.24000000,buy
match,38722157,4664715444,9bef15da-ad02-45c5-b4eb-b78c4e05d6f6,ad002bf7-3504-48e5-83c1-fe3fc567b16d,2018-08-14T00:33:46.698000Z,ETH-USD,1.00000000,273.00000000,buy
match,38722158,4664715446,c83f70be-a916-4a5c-b240-5f2beef70302,ad002bf7-3504-48e5-83c1-fe3fc567b16d,2018-08-14T00:33:46.698000Z,ETH-USD,0.01081000,273.00000000,buy
match,38722159,4664715514,b7841be0-3ccb-4d31-96de-ebbf011b025e,dfad3e9d-3ba2-4b0c-a3cf-4c01ed69744e,2018-08-14T00:33:46.799000Z,ETH-USD,79.85980904,272.91000000,buy
match,38722160,4664715594,5280ae79-635f-4528-a3e7-2fc65e9829b5,479d6df1-e5f3-42cd-a4dc-898e40fb8b80,2018-08-14T00:33:46.945000Z,ETH-USD,0.11000000,272.87000000,buy
match,38722161,4664715596,72c3d51d-b775-4181-a70b-775e7e44fd3d,479d6df1-e5f3-42cd-a4dc-898e40fb8b80,2018-08-14T00:33:46.945000Z,ETH-USD,0.01074000,272.87000000,buy
match,38722162,4664715638,d48b3e08-92ad-42de-8948-7a7e48148549,b8223c33-2d5f-4631-b926-36515b309dda,2018-08-14T00:33:47.019000Z,ETH-USD,0.02800000,272.84000000,buy
match,38722163,4664715669,e5ecb1a0-968d-44bc-bcc7-a0395b8b7368,008647df-cea4-4c72-9575-ef523d395747,2018-08-14T00:33:47.142000Z,ETH-USD,4.00000000,272.77000000,buy
match,38722164,4664715671,9a61a441-e8e8-4b73-b7d3-699311921051,008647df-cea4-4c72-9575-ef523d395747,2018-08-14T00:33:47.142000Z,ETH-USD,50.00000000,272.77000000,buy
match,38722165,4664715675,dae79fe0-ffa3-4d22-9fad-98e484498ae9,01fb0863-ac8f-40c8-b2be-7dfafc7ce7cc,2018-08-14T00:33:47.142000Z,ETH-USD,30.00000000,272.72000000,buy
match,38722166,4664715903,dae79fe0-ffa3-4d22-9fad-98e484498ae9,e35a2fe8-17b6-4565-87c3-085b7fa26f23,2018-08-14T00:33:47.879000Z,ETH-USD,120.00000000,272.72000000,buy
match,38722167,4664715905,aa0ef957-8168-4cb0-a338-86852b2eb25e,e35a2fe8-17b6-4565-87c3-085b7fa26f23,2018-08-14T00:33:47.879000Z,ETH-USD,0.01015000,272.72000000,buy
match,38722168,4664716016,4f8748f3-6a86-4705-8be7-15c6861ef167,0400a742-78c0-4413-8b05-2ed39e2fbf1a,2018-08-14T00:33:48.138000Z,ETH-USD,2.00000000,272.60000000,sell
match,38722169,4664716022,4f8748f3-6a86-4705-8be7-15c6861ef167,84f4d5eb-f75e-4c93-a598-903aa187d00b,2018-08-14T00:33:48.170000Z,ETH-USD,0.36416760,272.60000000,sell
match,38722170,4664716179,b784ebde-c7d8-42bb-9915-22874e7246e0,78fbb114-e1f1-437d-b89e-fcf8e2b337cb,2018-08-14T00:33:48.830000Z,ETH-USD,0.01000000,272.59000000,buy
match,38722171,4664716181,6598fad3-4984-4754-add9-feb056efd0bf,78fbb114-e1f1-437d-b89e-fcf8e2b337cb,2018-08-14T00:33:48.830000Z,ETH-USD,0.01589455,272.55000000,buy
match,38722172,4664716183,21075343-d921-4068-9a93-fb98a62a4ed8,78fbb114-e1f1-437d-b89e-fcf8e2b337cb,2018-08-14T00:33:48.830000Z,ETH-USD,0.26211849,272.55000000,buy
match,38722173,4664716577,8d0b688c-c29a-40df-9355-bc5dce7a1c21,98192123-6d53-4ed6-b94e-280537c63151,2018-08-14T00:33:51.196000Z,ETH-USD,0.01033000,272.55000000,buy
match,38722174,4664716579,80356eb2-9ca2-43d7-b050-9b12636a90bf,98192123-6d53-4ed6-b94e-280537c63151,2018-08-14T00:33:51.196000Z,ETH-USD,0.01500000,272.55000000,buy
match,38722175,4664716581,b3638b5a-8a13-4ba0-8bcd-03e43def9c96,98192123-6d53-4ed6-b94e-280537c63151,2018-08-14T00:33:51.196000Z,ETH-USD,0.01000000,272.50000000,buy
match,38722176,4664716583,6842bb27-d622-4cba-9e3c-0ad0fce0c8ed,98192123-6d53-4ed6-b94e-280537c63151,2018-08-14T00:33:51.196000Z,ETH-USD,17.75000000,272.50000000,buy
match,38722177,4664716585,39dc5bdf-bb68-4a13-9efd-4ba861a56205,98192123-6d53-4ed6-b94e-280537c63151,2018-08-14T00:33:51.196000Z,ETH-USD,4.00000000,272.50000000,buy
match,38722178,4664716587,8f1a609e-5698-42df-ab0f-2055e1e51536,98192123-6d53-4ed6-b94e-280537c63151,2018-08-14T00:33:51.196000Z,ETH-USD,0.01834862,272.50000000,buy
match,38722179,4664716589,f2fec0aa-631c-4d80-a620-c1228480f1c9,98192123-6d53-4ed6-b94e-280537c63151,2018-08-14T00:33:51.196000Z,ETH-USD,0.02900000,272.48000000,buy
match,38722180,4664716591,d7006b0f-417c-4e44-be04-721139a2e655,98192123-6d53-4ed6-b94e-280537c63151,2018-08-14T00:33:51.196000Z,ETH-USD,0.50000000,272.46000000,buy
match,38722181,4664716593,71593250-68fd-444d-88dd-5f125ee32fad,98192123-6d53-4ed6-b94e-280537c63151,2018-08-14T00:33:51.196000Z,ETH-USD,0.05000000,272.44000000,buy
match,38722182,4664716595,4c3a181b-8fa0-4e63-8395-7bc9eaa2b040,98192123-6d53-4ed6-b94e-280537c63151,2018-08-14T00:33:51.196000Z,ETH-USD,1.00000000,272.36000000,buy
match,38722183,4664716597,e6e2d5eb-9450-48df-8a63-cf66cb8db9e3,98192123-6d53-4ed6-b94e-280537c63151,2018-08-14T00:33:51.196000Z,ETH-USD,5.00000000,272.22000000,buy
match,38722184,4664716599,50699b4f-9a2c-4978-afeb-1db9785b4f2e,98192123-6d53-4ed6-b94e-280537c63151,2018-08-14T00:33:51.196000Z,ETH-USD,5.00000000,272.16000000,buy
match,38722185,4664716601,e8aa7c7d-99dd-48f9-b2c6-33c59283f671,98192123-6d53-4ed6-b94e-280537c63151,2018-08-14T00:33:51.196000Z,ETH-USD,3.30000000,272.16000000,buy
match,38722186,4664716603,3897658f-772c-4bb4-915e-e6f73cec43af,98192123-6d53-4ed6-b94e-280537c63151,2018-08-14T00:33:51.196000Z,ETH-USD,0.10000000,272.15000000,buy
match,38722187,4664716605,5d81a4ba-bd5f-4414-a6ef-ca7c0e66ff69,98192123-6d53-4ed6-b94e-280537c63151,2018-08-14T00:33:51.196000Z,ETH-USD,0.02000000,272.15000000,buy
match,38722188,4664716607,53940fbe-ca2c-490e-bf82-378c62ef9f5c,98192123-6d53-4ed6-b94e-280537c63151,2018-08-14T00:33:51.196000Z,ETH-USD,19.84623456,272.15000000,buy
match,38722189,4664716610,53940fbe-ca2c-490e-bf82-378c62ef9f5c,cc188a20-7d91-44ea-bb1a-180c4c6e1409,2018-08-14T00:33:51.196000Z,ETH-USD,0.61719344,272.15000000,buy
match,38722190,4664716812,5cb3ccea-18c4-4ca5-a969-11a40ef88cde,eb938846-8502-46d4-ab2b-5dfba387de0a,2018-08-14T00:33:51.743000Z,ETH-USD,0.12350000,272.55000000,buy
match,38722191,4664716814,53940fbe-ca2c-490e-bf82-378c62ef9f5c,eb938846-8502-46d4-ab2b-5dfba387de0a,2018-08-14T00:33:51.743000Z,ETH-USD,0.87650000,272.15000000,buy
match,38722192,4664716906,2f525b4d-eb96-4cdd-9f49-d3dee5bed27e,cff41d00-a1f7-4d5f-8700-0e7f193edc4c,2018-08-14T00:33:51.974000Z,ETH-USD,1.17188552,272.16000000,sell
match,38722193,4664716937,2f525b4d-eb96-4cdd-9f49-d3dee5bed27e,6886e450-e23e-40aa-9288-cf3cb57ba294,2018-08-14T00:33:52.058000Z,ETH-USD,1.72456066,272.16000000,sell
match,38722194,4664716991,2f525b4d-eb96-4cdd-9f49-d3dee5bed27e,7e5d035e-7e61-4fb2-987e-003a875291d1,2018-08-14T00:33:52.271000Z,ETH-USD,0.01827939,272.16000000,sell
match,38722195,4664717261,030ddc52-2175-4824-9c20-534f588fa36e,92a1e59c-226e-442d-9006-d9d9af61379b,2018-08-14T00:33:53.980000Z,ETH-USD,2.30000000,272.20000000,buy
match,38722196,4664717263,53940fbe-ca2c-490e-bf82-378c62ef9f5c,92a1e59c-226e-442d-9006-d9d9af61379b,2018-08-14T00:33:53.980000Z,ETH-USD,3.70000000,272.15000000,buy
match,38722197,4664717769,a726b481-04a6-4a53-98d9-d875fb7fb4a7,e06ee8e6-3011-4cd2-8e8c-9343502e6229,2018-08-14T00:33:56.748000Z,ETH-USD,0.18940000,272.45000000,sell
match,38722198,4664718610,42cd7936-4cb8-4954-ab98-eb93c8d5451b,2dad0364-31f3-4cec-8018-564ff1a9d4b2,2018-08-14T00:33:59.697000Z,ETH-USD,5.00000000,272.47000000,sell
match,38722199,4664718735,39f8edcf-e4a1-4549-9f5f-f2843d081777,b929838e-225f-4ef3-b001-ea2752112653,2018-08-14T00:34:00.110000Z,ETH-USD,0.14000000,272.46000000,sell
match,38722200,4664718737,6c475cca-ee44-4e72-915b-fddeb6edc6a2,b929838e-225f-4ef3-b001-ea2752112653,2018-08-14T00:34:00.110000Z,ETH-USD,0.36904853,272.47000000,sell
match,38722201,4664718815,8d5c0b2d-a36c-4d7e-8be9-08b907310b13,9d69a111-dc81-4dda-aff5-2d45c7ee7efe,2018-08-14T00:34:00.396000Z,ETH-USD,0.70213213,272.48000000,sell
match,38722202,4664719382,c1ab5086-c4ca-442d-bf65-2d227f62b1f1,b3da15b0-a936-43c0-a704-7ddde8542920,2018-08-14T00:34:03.172000Z,ETH-USD,0.04932047,272.68000000,sell
match,38722203,4664719686,3a7449a2-a2a0-4fa5-81e6-3229a7e1ca94,abb3a8df-e3b0-4b57-b1e6-cac18fa767a3,2018-08-14T00:34:05.377000Z,ETH-USD,0.13876172,272.68000000,sell
match,38722204,4664719756,a86e1fe6-16e8-444d-b669-5812a9b0a554,3a0485e7-eeed-4260-b394-d8aa91e144a9,2018-08-14T00:34:05.754000Z,ETH-USD,0.35000000,272.66000000,sell
match,38722205,4664719758,3a9fb514-44bc-4fc4-ab03-eac73676bd81,3a0485e7-eeed-4260-b394-d8aa91e144a9,2018-08-14T00:34:05.754000Z,ETH-USD,0.02000000,272.66000000,sell
match,38722206,4664719760,0f9efda0-ea83-4da5-8fe2-5fae52e17b23,3a0485e7-eeed-4260-b394-d8aa91e144a9,2018-08-14T00:34:05.754000Z,ETH-USD,0.34921724,272.66000000,sell
match,38722207,4664719819,0f9efda0-ea83-4da5-8fe2-5fae52e17b23,ac31350b-0de9-45af-98e8-a607559d423d,2018-08-14T00:34:06.389000Z,ETH-USD,0.03078276,272.66000000,sell
match,38722208,4664719821,1d5413ee-cf79-4b32-9f5a-68335e3289ce,ac31350b-0de9-45af-98e8-a607559d423d,2018-08-14T00:34:06.389000Z,ETH-USD,0.17000000,272.66000000,sell
match,38722209,4664719823,747226ca-bac5-4648-88cb-9e8c792a35db,ac31350b-0de9-45af-98e8-a607559d423d,2018-08-14T00:34:06.389000Z,ETH-USD,0.01000000,272.66000000,sell
match,38722210,4664719825,3a7449a2-a2a0-4fa5-81e6-3229a7e1ca94,ac31350b-0de9-45af-98e8-a607559d423d,2018-08-14T00:34:06.389000Z,ETH-USD,0.24558670,272.68000000,sell
match,38722211,4664720128,3a1206e6-e613-4447-a824-53d2dde90f95,1f132167-1458-48c2-a9ba-7fc3a860a4af,2018-08-14T00:34:08.199000Z,ETH-USD,0.01000000,272.65000000,sell
match,38722212,4664720130,28825310-5071-44ff-8943-37db3d714fb7,1f132167-1458-48c2-a9ba-7fc3a860a4af,2018-08-14T00:34:08.199000Z,ETH-USD,0.31610000,272.67000000,sell
match,38722213,4664720376,e5f20f5b-e61f-4ab6-af0f-e79073424b62,5d422d39-7c6b-4090-8dfe-ebccd4c4f07b,2018-08-14T00:34:09.420000Z,ETH-USD,0.02000000,272.68000000,sell
match,38722214,4664720378,8c172473-a530-4bb4-8b31-f3e74382950e,5d422d39-7c6b-4090-8dfe-ebccd4c4f07b,2018-08-14T00:34:09.420000Z,ETH-USD,0.48000000,272.68000000,sell
match,38722215,4664720678,a9e12f6b-5265-4197-bf65-98f8e57e7198,98243b55-a5e7-45ef-83bc-fcbcc102ea02,2018-08-14T00:34:11.283000Z,ETH-USD,1.00000000,272.67000000,buy
match,38722216,4664720696,8c172473-a530-4bb4-8b31-f3e74382950e,8a86ce29-c892-4d7b-8915-ccdb4fb99bd1,2018-08-14T00:34:11.353000Z,ETH-USD,0.06759362,272.68000000,sell
match,38722217,4664720796,cde8a3f2-012c-47c5-8966-51ef79fa20e9,fc5442ac-1506-4cf0-bfb3-7170559ede1d,2018-08-14T00:34:12.554000Z,ETH-USD,9.93200000,272.67000000,buy
match,38722218,4664720798,c84a6112-0420-4e1e-b2b9-be89e2ef5b24,fc5442ac-1506-4cf0-bfb3-7170559ede1d,2018-08-14T00:34:12.554000Z,ETH-USD,6.44126016,272.65000000,buy
match,38722219,4664720916,58b16930-6a94-4494-a52c-de1e38525a40,40db815f-8fbb-4665-b8f8-d262fa0d3a4b,2018-08-14T00:34:12.988000Z,ETH-USD,0.08578933,272.66000000,sell
match,38722220,4664721053,c84a6112-0420-4e1e-b2b9-be89e2ef5b24,684246d8-4f31-4b02-9aff-0e1f0ddd687d,2018-08-14T00:34:14.218000Z,ETH-USD,0.02009165,272.65000000,buy
match,38722221,4664721055,77026455-b2fe-4bf9-b1ef-4e4a21a849ce,684246d8-4f31-4b02-9aff-0e1f0ddd687d,2018-08-14T00:34:14.218000Z,ETH-USD,0.07063324,272.65000000,buy
match,38722222,4664721507,d5173b49-ee23-402c-9ce3-b94c25aaa61d,cf9a74c1-e6bb-4e8d-9136-45fddb4dad65,2018-08-14T00:34:16.494000Z,ETH-USD,0.17519123,272.49000000,sell
match,38722223,4664721533,a56ef90a-84ca-453e-9109-7b25aad67b53,f4659b71-1a03-47dc-9c36-93b8877a9bcb,2018-08-14T00:34:16.590000Z,ETH-USD,0.02567112,272.48000000,buy
match,38722224,4664721535,0831fb39-747b-4c6e-9496-687502b83ebc,f4659b71-1a03-47dc-9c36-93b8877a9bcb,2018-08-14T00:34:16.590000Z,ETH-USD,2.42000000,272.48000000,buy
match,38722225,4664721537,25e5f3a8-f205-4353-b3de-bb006e256c96,f4659b71-1a03-47dc-9c36-93b8877a9bcb,2018-08-14T00:34:16.590000Z,ETH-USD,20.00000000,272.47000000,buy
match,38722226,4664721539,e0115b5f-81df-46f0-8006-c4a7ed09ed42,f4659b71-1a03-47dc-9c36-93b8877a9bcb,2018-08-14T00:34:16.590000Z,ETH-USD,1.00000000,272.40000000,buy
match,38722227,4664721541,53940fbe-ca2c-490e-bf82-378c62ef9f5c,f4659b71-1a03-47dc-9c36-93b8877a9bcb,2018-08-14T00:34:16.590000Z,ETH-USD,24.96007200,272.15000000,buy
match,38722228,4664721543,ca88c12e-fc94-4bf2-bc46-9a09a2825b5d,f4659b71-1a03-47dc-9c36-93b8877a9bcb,2018-08-14T00:34:16.590000Z,ETH-USD,2.00000000,272.15000000,buy
match,38722229,4664721545,2d6a736d-2615-4bca-be49-d50ba777d40f,f4659b71-1a03-47dc-9c36-93b8877a9bcb,2018-08-14T00:34:16.590000Z,ETH-USD,15.00000000,272.11000000,buy
match,38722230,4664721547,d8909aee-f2da-4853-be48-c71c77f5f6f3,f4659b71-1a03-47dc-9c36-93b8877a9bcb,2018-08-14T00:34:16.590000Z,ETH-USD,3.04542180,272.05000000,buy
match,38722231,4664721549,af7e35ac-91bc-401d-9883-28d9b9209326,f4659b71-1a03-47dc-9c36-93b8877a9bcb,2018-08-14T00:34:16.590000Z,ETH-USD,2.86723100,272.04000000,buy
match,38722232,4664721899,4777250f-9201-4529-93df-a165476de227,a1506fc1-09d6-4ffb-b89e-41d5cd788f3e,2018-08-14T00:34:17.754000Z,ETH-USD,0.84480877,272.44000000,sell
match,38722233,4664721901,9150a223-d641-44d0-814d-badf127496f4,a1506fc1-09d6-4ffb-b89e-41d5cd788f3e,2018-08-14T00:34:17.754000Z,ETH-USD,0.01000000,272.52000000,sell
match,38722234,4664721903,3ff6bf35-67d6-48f2-8451-701f7d9a0bbe,a1506fc1-09d6-4ffb-b89e-41d5cd788f3e,2018-08-14T00:34:17.754000Z,ETH-USD,0.01000000,272.52000000,sell
match,38722235,4664721905,0bfe1306-319c-4e8c-b6f6-fc0b9f456e38,a1506fc1-09d6-4ffb-b89e-41d5cd788f3e,2018-08-14T00:34:17.754000Z,ETH-USD,0.21464423,272.52000000,sell
match,38722236,4664722070,0bfe1306-319c-4e8c-b6f6-fc0b9f456e38,d96c0253-25e1-40cf-aa3a-9688a83e8839,2018-08-14T00:34:18.464000Z,ETH-USD,1.78535577,272.52000000,sell
match,38722237,4664722072,9772abfe-8567-4b81-9807-18f690c4a9e7,d96c0253-25e1-40cf-aa3a-9688a83e8839,2018-08-14T00:34:18.464000Z,ETH-USD,0.01238867,272.52000000,sell
match,38722238,4664722222,8dfbc23d-641b-40c0-bc33-7f0c363a6f53,e66bc5a9-d734-4b35-84df-105321e3bd69,2018-08-14T00:34:19.133000Z,ETH-USD,1.00000000,272.51000000,buy
match,38722239,4664722224,fe5f9012-d6bc-4f16-878d-7311af9a0f1a,e66bc5a9-d734-4b35-84df-105321e3bd69,2018-08-14T00:34:19.133000Z,ETH-USD,0.90220000,272.51000000,buy
match,38722240,4664722227,fe5f9012-d6bc-4f16-878d-7311af9a0f1a,e17b9480-ce24-4803-a03f-8f82c8b84bd6,2018-08-14T00:34:19.138000Z,ETH-USD,8.35530000,272.51000000,buy
match,38722241,4664722229,1bdefd8d-234c-4bd3-9f5a-6f5e4ae24f9a,e17b9480-ce24-4803-a03f-8f82c8b84bd6,2018-08-14T00:34:19.138000Z,ETH-USD,2.91176120,272.51000000,buy
match,38722242,4664722231,73782ccb-f3d2-4f04-8bc0-bedb95ef7b5f,e17b9480-ce24-4803-a03f-8f82c8b84bd6,2018-08-14T00:34:19.138000Z,ETH-USD,20.00000000,272.06000000,buy
match,38722243,4664722233,723b3b59-a15a-45e2-bb11-33492463c1ea,e17b9480-ce24-4803-a03f-8f82c8b84bd6,2018-08-14T00:34:19.138000Z,ETH-USD,10.00000000,272.06000000,buy
match,38722244,4664722235,af7e35ac-91bc-401d-9883-28d9b9209326,e17b9480-ce24-4803-a03f-8f82c8b84bd6,2018-08-14T00:34:19.138000Z,ETH-USD,1.13276900,272.04000000,buy
match,38722245,4664722237,8db22933-364b-4718-a7d9-c478fc6d5b17,e17b9480-ce24-4803-a03f-8f82c8b84bd6,2018-08-14T00:34:19.138000Z,ETH-USD,2.00000000,272.04000000,buy
match,38722246,4664722239,102243df-8222-4b1b-a1f8-9312fc2c2c55,e17b9480-ce24-4803-a03f-8f82c8b84bd6,2018-08-14T00:34:19.138000Z,ETH-USD,0.20000000,272.01000000,buy
match,38722247,4664722241,e501c55b-0368-4068-afc3-0658e3223bf8,e17b9480-ce24-4803-a03f-8f82c8b84bd6,2018-08-14T00:34:19.138000Z,ETH-USD,20.00000000,272.00000000,buy
match,38722248,4664722243,713dba25-1b6c-48f1-ad84-762def4c6ac2,e17b9480-ce24-4803-a03f-8f82c8b84bd6,2018-08-14T00:34:19.138000Z,ETH-USD,1.00000000,272.00000000,buy
match,38722249,4664722245,e43191b2-f2ba-4b6f-b0a6-6d9271a5013e,e17b9480-ce24-4803-a03f-8f82c8b84bd6,2018-08-14T00:34:19.138000Z,ETH-USD,0.50000000,272.00000000,buy
match,38722250,4664722247,957b19eb-e6c6-4fb4-b9cb-3c20944bb8dd,e17b9480-ce24-4803-a03f-8f82c8b84bd6,2018-08-14T00:34:19.138000Z,ETH-USD,0.50000000,272.00000000,buy
match,38722251,4664722249,a28744cf-8b5d-4f88-a5f0-417dc3da26f2,e17b9480-ce24-4803-a03f-8f82c8b84bd6,2018-08-14T00:34:19.138000Z,ETH-USD,2.00000000,272.00000000,buy
match,38722252,4664722251,4082c189-fe69-4cfd-af2a-127ed24209ab,e17b9480-ce24-4803-a03f-8f82c8b84bd6,2018-08-14T00:34:19.138000Z,ETH-USD,10.00000000,272.00000000,buy
match,38722253,4664722253,aefa38ef-3831-4061-8621-9a01d1804180,e17b9480-ce24-4803-a03f-8f82c8b84bd6,2018-08-14T00:34:19.138000Z,ETH-USD,0.01000000,272.00000000,buy
match,38722254,4664722255,ca0afe16-30a9-4ec2-bd9a-f789d665681a,e17b9480-ce24-4803-a03f-8f82c8b84bd6,2018-08-14T00:34:19.138000Z,ETH-USD,0.01000000,272.00000000,buy
match,38722255,4664722257,217b1be4-8318-40e2-959f-37586082578f,e17b9480-ce24-4803-a03f-8f82c8b84bd6,2018-08-14T00:34:19.138000Z,ETH-USD,23.22733089,272.00000000,buy
match,38722256,4664722259,c1aee1c8-0aca-46fe-9f42-cdf99b830ffe,e17b9480-ce24-4803-a03f-8f82c8b84bd6,2018-08-14T00:34:19.138000Z,ETH-USD,26.56000000,272.00000000,buy
match,38722257,4664722261,f7e6fceb-5edc-4ae0-a13d-db32945d0a05,e17b9480-ce24-4803-a03f-8f82c8b84bd6,2018-08-14T00:34:19.138000Z,ETH-USD,11.00000000,272.00000000,buy
match,38722258,4664722263,0fb85a2b-9e75-4f94-98c7-2f8287e457d7,e17b9480-ce24-4803-a03f-8f82c8b84bd6,2018-08-14T00:34:19.138000Z,ETH-USD,0.01838235,272.00000000,buy
match,38722259,4664722265,af844f32-0649-4e3a-ac27-fae19fdb2adb,e17b9480-ce24-4803-a03f-8f82c8b84bd6,2018-08-14T00:34:19.138000Z,ETH-USD,0.10000000,272.00000000,buy
match,38722260,4664722267,77d8f96f-9dd7-4dcb-b6b9-c6bcc1007d1d,e17b9480-ce24-4803-a03f-8f82c8b84bd6,2018-08-14T00:34:19.138000Z,ETH-USD,1.00000000,272.00000000,buy
match,38722261,4664722269,6d12df68-cff5-4918-b5b1-cf26062e68a5,e17b9480-ce24-4803-a03f-8f82c8b84bd6,2018-08-14T00:34:19.138000Z,ETH-USD,0.01000000,272.00000000,buy
match,38722262,4664722271,446e30f7-945b-4fc7-a0c5-0f2e2d402817,e17b9480-ce24-4803-a03f-8f82c8b84bd6,2018-08-14T00:34:19.138000Z,ETH-USD,0.65332900,271.97000000,buy
match,38722263,4664722273,71f68eb1-ba16-4caf-bfd8-828a12a1dc42,e17b9480-ce24-4803-a03f-8f82c8b84bd6,2018-08-14T00:34:19.138000Z,ETH-USD,0.02900000,271.90000000,buy
match,38722264,4664722275,c50d182d-901b-45b6-a473-0055ef00e46e,e17b9480-ce24-4803-a03f-8f82c8b84bd6,2018-08-14T00:34:19.138000Z,ETH-USD,4.00000000,271.90000000,buy
match,38722265,4664722277,46c58a00-e5ee-4a18-9992-d8a4d0d41766,e17b9480-ce24-4803-a03f-8f82c8b84bd6,2018-08-14T00:34:19.138000Z,ETH-USD,5.00000000,271.90000000,buy
match,38722266,4664722279,75585f02-a4eb-438c-a680-3f4ea1b96e38,e17b9480-ce24-4803-a03f-8f82c8b84bd6,2018-08-14T00:34:19.138000Z,ETH-USD,50.27092205,271.90000000,buy
match,38722267,4664722282,75585f02-a4eb-438c-a680-3f4ea1b96e38,5f7888ef-3518-4770-b9b7-25e1199e662a,2018-08-14T00:34:19.138000Z,ETH-USD,4.00000000,271.90000000,buy
match,38722268,4664722724,54498c86-3bb3-47b7-bac3-a3221938290a,a4445001-0b3e-4eac-a80f-698138d921a8,2018-08-14T00:34:19.999000Z,ETH-USD,5.78618021,272.40000000,sell
match,38722269,4664722726,2f9c1c10-b816-4357-9750-98c5ce7365ac,a4445001-0b3e-4eac-a80f-698138d921a8,2018-08-14T00:34:19.999000Z,ETH-USD,4.64070838,272.40000000,sell
match,38722270,4664724003,5dd7df1a-1201-4895-bdb0-6dfa74e36f2f,ff4c8aef-cb7b-4770-9871-213bbf9fee12,2018-08-14T00:34:23.732000Z,ETH-USD,5.85695379,272.01000000,buy
match,38722271,4664724005,99379e1a-6419-49e6-91ff-b106ae63f02b,ff4c8aef-cb7b-4770-9871-213bbf9fee12,2018-08-14T00:34:23.732000Z,ETH-USD,0.70357812,271.92000000,buy
match,38722272,4664724007,b4f3004d-11de-4e21-8c66-d6fe8d1e8489,ff4c8aef-cb7b-4770-9871-213bbf9fee12,2018-08-14T00:34:23.732000Z,ETH-USD,0.07406400,271.91000000,buy
match,38722273,4664724009,75585f02-a4eb-438c-a680-3f4ea1b96e38,ff4c8aef-cb7b-4770-9871-213bbf9fee12,2018-08-14T00:34:23.732000Z,ETH-USD,12.73840710,271.90000000,buy
match,38722274,4664724488,75585f02-a4eb-438c-a680-3f4ea1b96e38,4c531930-0191-4f90-b141-0653928d9ea9,2018-08-14T00:34:25.679000Z,ETH-USD,25.75935565,271.90000000,buy
match,38722275,4664724658,743885e0-0332-4f1b-93ab-38549d55efaf,76c2ae3e-a41d-4a7a-b33a-dfaeef1bc0b9,2018-08-14T00:34:26.656000Z,ETH-USD,0.56144392,271.91000000,sell
match,38722276,4664724950,75585f02-a4eb-438c-a680-3f4ea1b96e38,6b4e3ced-7610-4b31-8c62-62b1f352899a,2018-08-14T00:34:28.363000Z,ETH-USD,8.21276017,271.90000000,buy
match,38722277,4664725276,c8b52208-a4cc-40da-8868-480e6d72d538,8ac8239f-77a2-4e72-9fd1-5990eac84e52,2018-08-14T00:34:30.052000Z,ETH-USD,0.03000000,271.90000000,buy
match,38722278,4664725278,0bb25aca-cde5-43cf-ae0c-733425e2819e,8ac8239f-77a2-4e72-9fd1-5990eac84e52,2018-08-14T00:34:30.052000Z,ETH-USD,25.90000000,271.90000000,buy
match,38722279,4664725280,837e93b5-b8c2-4821-9980-c79b1767a072,8ac8239f-77a2-4e72-9fd1-5990eac84e52,2018-08-14T00:34:30.052000Z,ETH-USD,0.37772812,271.90000000,buy
match,38722280,4664725282,4aec5a1a-d817-4775-8ee8-98dba1bdbf97,8ac8239f-77a2-4e72-9fd1-5990eac84e52,2018-08-14T00:34:30.052000Z,ETH-USD,0.50317157,271.90000000,buy
match,38722281,4664725284,b2d99576-e2ab-4df2-84a4-d3108a9043bd,8ac8239f-77a2-4e72-9fd1-5990eac84e52,2018-08-14T00:34:30.052000Z,ETH-USD,10.00000000,271.90000000,buy
match,38722282,4664725286,06b85983-9153-4f46-b760-e6a0d41a37dd,8ac8239f-77a2-4e72-9fd1-5990eac84e52,2018-08-14T00:34:30.052000Z,ETH-USD,0.01017000,271.90000000,buy
match,38722283,4664725288,aca1908b-6120-4d28-b896-5d9205f65a29,8ac8239f-77a2-4e72-9fd1-5990eac84e52,2018-08-14T00:34:30.052000Z,ETH-USD,0.01000000,271.87000000,buy
match,38722284,4664725290,871973c0-ac7e-4277-bdf2-358acc7b905d,8ac8239f-77a2-4e72-9fd1-5990eac84e52,2018-08-14T00:34:30.052000Z,ETH-USD,18.40000000,271.87000000,buy
match,38722285,4664725292,f1704847-88ea-4850-bb50-7c532014f2de,8ac8239f-77a2-4e72-9fd1-5990eac84e52,2018-08-14T00:34:30.052000Z,ETH-USD,21.00000000,271.77000000,buy
match,38722286,4664725294,469adc33-aaca-40eb-9c35-003278a39d52,8ac8239f-77a2-4e72-9fd1-5990eac84e52,2018-08-14T00:34:30.052000Z,ETH-USD,0.05000000,271.76000000,buy
match,38722287,4664725296,60772588-345f-4f67-ad33-d44bc7b0aa69,8ac8239f-77a2-4e72-9fd1-5990eac84e52,2018-08-14T00:34:30.052000Z,ETH-USD,21.60000000,271.67000000,buy
match,38722288,4664725298,2b05fc17-d2b8-4103-99c3-ece747b62d85,8ac8239f-77a2-4e72-9fd1-5990eac84e52,2018-08-14T00:34:30.052000Z,ETH-USD,20.00000000,271.66000000,buy
match,38722289,4664725300,1c7b6828-5234-4a23-b54c-4e779e17867a,8ac8239f-77a2-4e72-9fd1-5990eac84e52,2018-08-14T00:34:30.052000Z,ETH-USD,1.02000000,271.59000000,buy
match,38722290,4664725302,8f854575-5a9d-4ab7-baf5-1dcf78a565c3,8ac8239f-77a2-4e72-9fd1-5990eac84e52,2018-08-14T00:34:30.052000Z,ETH-USD,5.00000000,271.58000000,buy
match,38722291,4664725304,f86bcff0-845b-4ee9-a001-2974cbc9936b,8ac8239f-77a2-4e72-9fd1-5990eac84e52,2018-08-14T00:34:30.052000Z,ETH-USD,3.30000000,271.53000000,buy
match,38722292,4664725306,2ef38da0-d146-42d5-b190-e93c8e28ed44,8ac8239f-77a2-4e72-9fd1-5990eac84e52,2018-08-14T00:34:30.052000Z,ETH-USD,27.30000000,271.52000000,buy
match,38722293,4664725308,7cde94f5-3bee-4a83-b09a-d8310ae62442,8ac8239f-77a2-4e72-9fd1-5990eac84e52,2018-08-14T00:34:30.052000Z,ETH-USD,40.00000000,271.51000000,buy
match,38722294,4664725310,4dd99ece-74a9-473e-a4ab-7bafb8fab0ac,8ac8239f-77a2-4e72-9fd1-5990eac84e52,2018-08-14T00:34:30.052000Z,ETH-USD,26.66123875,271.51000000,buy
match,38722295,4664725313,4dd99ece-74a9-473e-a4ab-7bafb8fab0ac,6c06075f-3257-4e18-89b0-79c95c214859,2018-08-14T00:34:30.052000Z,ETH-USD,48.33876125,271.51000000,buy
match,38722296,4664725315,e89c9706-aba5-49a7-8de0-ab8126989dc7,6c06075f-3257-4e18-89b0-79c95c214859,2018-08-14T00:34:30.052000Z,ETH-USD,0.01841621,271.50000000,buy
match,38722297,4664725317,f41cc58a-7030-45d3-950d-f58fbe2a8664,6c06075f-3257-4e18-89b0-79c95c214859,2018-08-14T00:34:30.052000Z,ETH-USD,7.37482600,271.43000000,buy
match,38722298,4664725319,0aee9cb0-66f8-4a2f-bb65-cfc85f6f6b7a,6c06075f-3257-4e18-89b0-79c95c214859,2018-08-14T00:34:30.052000Z,ETH-USD,24.26799654,271.41000000,buy
match,38722299,4664725650,27b81be1-762c-4563-8ea5-940a62c42f81,ca36cee9-b27e-443d-8e9b-8fc2d22c491f,2018-08-14T00:34:30.815000Z,ETH-USD,0.40017265,271.62000000,sell
match,38722300,4664725770,2d2636c9-0852-4dfa-a956-67dd472fc266,0e4c47bf-5dbb-4891-a155-2df1601c6542,2018-08-14T00:34:31.164000Z,ETH-USD,5.18731299,271.61000000,buy
match,38722301,4664725782,27b81be1-762c-4563-8ea5-940a62c42f81,73810076-d6d0-477e-bbaa-6ac84f8a2d49,2018-08-14T00:34:31.185000Z,ETH-USD,0.06982735,271.62000000,sell
match,38722302,4664725784,3c5d3078-fb8a-494d-9018-8f3d8e665dbe,73810076-d6d0-477e-bbaa-6ac84f8a2d49,2018-08-14T00:34:31.185000Z,ETH-USD,1.34647265,271.62000000,sell
match,38722303,4664725920,2d2636c9-0852-4dfa-a956-67dd472fc266,59572fa7-0db5-47fb-87da-a28e7bbcecdc,2018-08-14T00:34:31.693000Z,ETH-USD,4.81268701,271.61000000,buy
match,38722304,4664725922,19914149-223d-45f7-92a7-d1b7eae24de0,59572fa7-0db5-47fb-87da-a28e7bbcecdc,2018-08-14T00:34:31.693000Z,ETH-USD,0.20287137,271.61000000,buy
match,38722305,4664726524,2826b313-fbfb-43d3-b6c2-222b1a42a2cf,0033199b-1d8b-4f6e-a245-10d2e68b964e,2018-08-14T00:34:33.707000Z,ETH-USD,9.05336866,271.64000000,buy
match,38722306,4664726602,ac1c8f9e-050b-4f84-98ad-c4b039c94214,a37772a5-61b2-4da4-a77e-5e248849c8c2,2018-08-14T00:34:33.965000Z,ETH-USD,0.32000000,271.92000000,sell
match,38722307,4664726604,bd8bcfb6-41e1-4b67-8451-1781cb72761a,a37772a5-61b2-4da4-a77e-5e248849c8c2,2018-08-14T00:34:33.965000Z,ETH-USD,0.32665475,271.92000000,sell
match,38722308,4664726903,dd97663c-24d0-43b9-8612-f1ad1db3cb17,d079e715-931e-4b05-9670-442cb950b67b,2018-08-14T00:34:34.805000Z,ETH-USD,3.50000000,271.65000000,buy
match,38722309,4664726905,beaaf3ca-0191-4022-aaab-67113e875dca,d079e715-931e-4b05-9670-442cb950b67b,2018-08-14T00:34:34.805000Z,ETH-USD,0.32600000,271.65000000,buy
match,38722310,4664726907,53b27ebf-46e2-41be-8674-a6c1d4dc6c05,d079e715-931e-4b05-9670-442cb950b67b,2018-08-14T00:34:34.805000Z,ETH-USD,0.17400000,271.65000000,buy
match,38722311,4664727129,bd121b95-fbfb-4854-b774-6833761e7aa9,e2de0ab8-a010-487f-b890-5eed83d125f0,2018-08-14T00:34:35.663000Z,ETH-USD,10.00000000,271.59000000,buy
match,38722312,4664727131,acf595a9-0c54-480d-91ac-3b14bd3d312e,e2de0ab8-a010-487f-b890-5eed83d125f0,2018-08-14T00:34:35.663000Z,ETH-USD,3.30000000,271.55000000,buy
match,38722313,4664727133,4f12c89e-a0b5-4bd2-8f64-0e892b2090f2,e2de0ab8-a010-487f-b890-5eed83d125f0,2018-08-14T00:34:35.663000Z,ETH-USD,10.00000000,271.47000000,buy
match,38722314,4664727135,7e2a5615-ac8b-45a7-bfb8-502fd7a33851,e2de0ab8-a010-487f-b890-5eed83d125f0,2018-08-14T00:34:35.663000Z,ETH-USD,3.00000000,271.40000000,buy
match,38722315,4664727137,ce071dd2-21b9-4327-aa2c-7f71e68bc4b8,e2de0ab8-a010-487f-b890-5eed83d125f0,2018-08-14T00:34:35.663000Z,ETH-USD,11.37000000,271.28000000,buy
match,38722316,4664727140,ce071dd2-21b9-4327-aa2c-7f71e68bc4b8,90280cc9-7e3c-4c49-8d3a-8f1a61946175,2018-08-14T00:34:35.663000Z,ETH-USD,0.97181952,271.28000000,buy
match,38722317,4664727200,77d67aaf-c2f8-40be-bebf-c02e5dbeadf3,b44b3feb-b5f1-413c-af7f-711925234906,2018-08-14T00:34:35.734000Z,ETH-USD,3.08350000,271.29000000,sell
match,38722318,4664728762,c8f17e71-28ef-4f7d-9b2c-8c594928699c,f8812b08-9ac1-47f7-ae29-ae9404dc311e,2018-08-14T00:34:40.487000Z,ETH-USD,1.80476016,271.64000000,sell
match,38722319,4664728854,d65df4e3-ba20-4fdf-9047-f4b1d6a4dec9,6cca23f7-b776-4933-b6dd-4e99a6df77b1,2018-08-14T00:34:40.742000Z,ETH-USD,10.00000000,271.59000000,buy
match,38722320,4664728856,193f5218-cbc8-426d-863b-dc443d9af147,6cca23f7-b776-4933-b6dd-4e99a6df77b1,2018-08-14T00:34:40.742000Z,ETH-USD,0.37771142,271.59000000,buy
match,38722321,4664728858,0f48d68b-38c9-41a8-9fd7-f9dae6441785,6cca23f7-b776-4933-b6dd-4e99a6df77b1,2018-08-14T00:34:40.742000Z,ETH-USD,4.46600000,271.59000000,buy
match,38722322,4664728860,48608955-cc4c-4cb8-b82c-2125a26033d2,6cca23f7-b776-4933-b6dd-4e99a6df77b1,2018-08-14T00:34:40.742000Z,ETH-USD,3.30000000,271.53000000,buy
match,38722323,4664728862,c8e733c2-e0b2-4f3f-9173-630eaaa24f38,6cca23f7-b776-4933-b6dd-4e99a6df77b1,2018-08-14T00:34:40.742000Z,ETH-USD,0.06040939,271.25000000,buy
match,38722324,4664728864,0873a34b-5eea-4760-8aa1-fd9b0f154be9,6cca23f7-b776-4933-b6dd-4e99a6df77b1,2018-08-14T00:34:40.742000Z,ETH-USD,2.04551338,271.25000000,buy
match,38722325,4664729040,af107d5b-585c-412d-91ef-2caa744012d5,e8ef2b13-c686-4947-95d6-2ed9b40a524c,2018-08-14T00:34:41.146000Z,ETH-USD,2.00000000,271.48000000,buy
match,38722326,4664729052,af107d5b-585c-412d-91ef-2caa744012d5,40092f07-1449-40e7-9efb-897520a53d35,2018-08-14T00:34:41.182000Z,ETH-USD,0.10000000,271.48000000,buy
match,38722327,4664729067,b0bd4f30-60f3-4287-894c-9e8947e9d8df,2f4398ee-a126-4da3-824f-52ce4cab5506,2018-08-14T00:34:41.237000Z,ETH-USD,0.99998711,271.49000000,sell
match,38722328,4664729484,be5e79d2-3e9b-42a2-b658-f3f214a36df7,a8fbfe84-d67c-4dd3-9d25-86f2f149d291,2018-08-14T00:34:42.376000Z,ETH-USD,0.11000000,271.67000000,sell
match,38722329,4664729486,fa58e38f-c512-4200-874f-86f5c88e35c8,a8fbfe84-d67c-4dd3-9d25-86f2f149d291,2018-08-14T00:34:42.376000Z,ETH-USD,0.06136906,271.67000000,sell
match,38722330,4664729527,e13df765-f844-443b-87dc-e7f1e20695b2,ab8b7375-4bae-4432-8189-cc2c8ca358bc,2018-08-14T00:34:42.494000Z,ETH-USD,0.02000000,271.65000000,sell
match,38722331,4664729529,fa58e38f-c512-4200-874f-86f5c88e35c8,ab8b7375-4bae-4432-8189-cc2c8ca358bc,2018-08-14T00:34:42.494000Z,ETH-USD,1.96450000,271.67000000,sell
match,38722332,4664729763,d0b286f1-7d71-4aac-ba41-492d3634b3ad,4d3510bb-0531-45cf-b20b-cb32a1654cf7,2018-08-14T00:34:43.339000Z,ETH-USD,7.90000000,271.59000000,buy
match,38722333,4664729765,2d63005f-a976-4bf4-bdf1-6aa4194787fd,4d3510bb-0531-45cf-b20b-cb32a1654cf7,2018-08-14T00:34:43.339000Z,ETH-USD,2.10000000,271.53000000,buy
match,38722334,4664730010,5549ca99-a25c-42bc-95aa-9a6f931d002c,c35e5199-42aa-4765-816e-82a38772cfaa,2018-08-14T00:34:44.338000Z,ETH-USD,1.00000000,271.54000000,sell
match,38722335,4664730012,f93bc826-973c-40a8-92ca-49a163c9ce15,c35e5199-42aa-4765-816e-82a38772cfaa,2018-08-14T00:34:44.338000Z,ETH-USD,1.00000000,271.54000000,sell
match,38722336,4664730453,6cbb79f0-d287-4d86-abcc-ade7019eb676,4fa0a7a1-8768-4565-bbc8-d33a382895a7,2018-08-14T00:34:46.808000Z,ETH-USD,0.21000000,271.60000000,sell
match,38722337,4664730455,116249c5-96a2-47d1-83f5-8911b8795fe2,4fa0a7a1-8768-4565-bbc8-d33a382895a7,2018-08-14T00:34:46.808000Z,ETH-USD,0.14217452,271.60000000,sell
match,38722338,4664730557,116249c5-96a2-47d1-83f5-8911b8795fe2,e1fdeaf8-6e56-4c51-92e4-67e9d0967598,2018-08-14T00:34:47.300000Z,ETH-USD,0.22025235,271.60000000,sell
match,38722339,4664730703,88f37e03-34ff-4492-ba74-07441f86e39e,3bcb3e4a-0761-48f8-9e8a-9d3ec3beaf6a,2018-08-14T00:34:48.363000Z,ETH-USD,4.00000000,271.59000000,buy
match,38722340,4664730749,116249c5-96a2-47d1-83f5-8911b8795fe2,64c5025a-8a0b-489e-9a3f-486c3ca86f99,2018-08-14T00:34:48.755000Z,ETH-USD,0.35226269,271.60000000,sell
match,38722341,4664730832,116249c5-96a2-47d1-83f5-8911b8795fe2,4f998a25-be97-4a10-ae40-4c95f0aeefc7,2018-08-14T00:34:49.463000Z,ETH-USD,0.36708725,271.60000000,sell
match,38722342,4664731060,88f37e03-34ff-4492-ba74-07441f86e39e,c2ac87c6-0633-4b25-ab06-b4528ab4ce3b,2018-08-14T00:34:51.225000Z,ETH-USD,6.00000000,271.59000000,buy
match,38722343,4664731062,2d63005f-a976-4bf4-bdf1-6aa4194787fd,c2ac87c6-0633-4b25-ab06-b4528ab4ce3b,2018-08-14T00:34:51.225000Z,ETH-USD,1.20000000,271.53000000,buy
match,38722344,4664731064,639c0e40-dab0-4f4b-a62d-c5a214a3b68e,c2ac87c6-0633-4b25-ab06-b4528ab4ce3b,2018-08-14T00:34:51.225000Z,ETH-USD,5.00000000,271.53000000,buy
match,38722345,4664731066,0873a34b-5eea-4760-8aa1-fd9b0f154be9,c2ac87c6-0633-4b25-ab06-b4528ab4ce3b,2018-08-14T00:34:51.225000Z,ETH-USD,1.95448662,271.25000000,buy
match,38722346,4664731068,55b17fdb-0237-4b96-86b3-2450c28d3c01,c2ac87c6-0633-4b25-ab06-b4528ab4ce3b,2018-08-14T00:34:51.225000Z,ETH-USD,0.58369000,271.25000000,buy
match,38722347,4664731070,ab793545-8ea5-4047-ba52-abeab8521d0e,c2ac87c6-0633-4b25-ab06-b4528ab4ce3b,2018-08-14T00:34:51.225000Z,ETH-USD,0.02649862,271.24000000,buy
match,38722348,4664731072,5b0da42b-3bcf-4cf6-81bc-c64c617f02a4,c2ac87c6-0633-4b25-ab06-b4528ab4ce3b,2018-08-14T00:34:51.225000Z,ETH-USD,0.23532476,271.22000000,buy
match,38722349,4664731301,0b9ef88f-2841-4cf1-b3de-f2fe344edea4,262afc8f-55bb-4ce1-92e8-0ffe6145f383,2018-08-14T00:34:52.093000Z,ETH-USD,3.60547983,271.23000000,sell
match,38722350,4664731429,5678b6c9-3d9b-4436-9555-1a57b919c913,48765674-58c4-4c8f-a5de-d72b01e62abb,2018-08-14T00:34:52.548000Z,ETH-USD,0.11000000,271.29000000,sell
match,38722351,4664731431,b93789f3-ebac-42dc-b330-3850a4102004,48765674-58c4-4c8f-a5de-d72b01e62abb,2018-08-14T00:34:52.548000Z,ETH-USD,0.07406400,271.60000000,sell
match,38722352,4664731433,941b6ea6-7542-4727-8391-6dbcca3d1d28,48765674-58c4-4c8f-a5de-d72b01e62abb,2018-08-14T00:34:52.548000Z,ETH-USD,0.78385900,271.60000000,sell
match,38722353,4664731623,941b6ea6-7542-4727-8391-6dbcca3d1d28,80ce4349-10ff-422f-a62e-5068fc3c9691,2018-08-14T00:34:53.519000Z,ETH-USD,0.21614100,271.60000000,sell
match,38722354,4664731625,5e644a96-132b-400b-98f0-c794a29a772f,80ce4349-10ff-422f-a62e-5068fc3c9691,2018-08-14T00:34:53.519000Z,ETH-USD,0.01000000,271.74000000,sell
match,38722355,4664731627,93fd7114-483c-4981-b76d-4d7497ef6e99,80ce4349-10ff-422f-a62e-5068fc3c9691,2018-08-14T00:34:53.519000Z,ETH-USD,0.01000000,271.74000000,sell
match,38722356,4664731629,0c72aef3-2003-4f07-b729-d855deb78f1d,80ce4349-10ff-422f-a62e-5068fc3c9691,2018-08-14T00:34:53.519000Z,ETH-USD,0.02000000,271.74000000,sell
match,38722357,4664731631,2e01fb9f-28dd-4f1a-8d59-9fe2c1995a8c,80ce4349-10ff-422f-a62e-5068fc3c9691,2018-08-14T00:34:53.519000Z,ETH-USD,3.34933883,271.76000000,sell
match,38722358,4664731649,2e01fb9f-28dd-4f1a-8d59-9fe2c1995a8c,0bd3b877-ca7e-470f-bb9f-624f60bd1492,2018-08-14T00:34:53.556000Z,ETH-USD,0.69525747,271.76000000,sell
match,38722359,4664731754,2e01fb9f-28dd-4f1a-8d59-9fe2c1995a8c,6b0bfbaf-794f-4b59-ab7e-13b6839671c0,2018-08-14T00:34:54.256000Z,ETH-USD,0.35537649,271.76000000,sell
match,38722360,4664731798,e24768e9-9776-45f1-9e69-c211ab5d724a,8e98af5d-53db-4272-b9d6-e9c5b15263c0,2018-08-14T00:34:54.658000Z,ETH-USD,0.12000000,271.75000000,buy
match,38722361,4664731800,ef13ab89-c42a-45a7-be77-b58f4036ae02,8e98af5d-53db-4272-b9d6-e9c5b15263c0,2018-08-14T00:34:54.658000Z,ETH-USD,0.16233744,271.60000000,buy
match,38722362,4664731802,3c013c1a-2248-4667-9d5c-0b56d48dc6c6,8e98af5d-53db-4272-b9d6-e9c5b15263c0,2018-08-14T00:34:54.658000Z,ETH-USD,2.40636256,271.59000000,buy
match,38722363,4664731896,935583ce-2146-49b9-b192-32eba97b5531,58df16f1-f3b1-404d-be59-497210151017,2018-08-14T00:34:54.956000Z,ETH-USD,2.19314684,271.60000000,sell
match,38722364,4664732381,935583ce-2146-49b9-b192-32eba97b5531,77ae4bd7-43de-4182-8381-7eff978cf511,2018-08-14T00:34:59.399000Z,ETH-USD,0.08611779,271.60000000,sell
match,38722365,4664732472,935583ce-2146-49b9-b192-32eba97b5531,6f090661-3708-489b-9b12-4c8706064f72,2018-08-14T00:34:59.932000Z,ETH-USD,0.72175939,271.60000000,sell
match,38722366,4664732477,3c013c1a-2248-4667-9d5c-0b56d48dc6c6,991ec264-c7a5-4012-9bf6-a2b7c293896f,2018-08-14T00:34:59.950000Z,ETH-USD,7.59360000,271.59000000,buy
match,38722367,4664732494,ff2e6f84-7223-4ba7-9a04-4cc3729070b1,5e81c2a3-c7e5-4f04-96ee-c8a1e282ddeb,2018-08-14T00:35:00.012000Z,ETH-USD,3.30000000,271.53000000,buy
match,38722368,4664732741,aa6fffef-4fbd-463b-871e-6c161dbdef78,eba380fd-eb6e-4783-8474-ae3adf7ea3a8,2018-08-14T00:35:00.996000Z,ETH-USD,0.72205162,271.53000000,buy
match,38722369,4664732743,45341f16-590d-4624-8591-760eb44e72f8,eba380fd-eb6e-4783-8474-ae3adf7ea3a8,2018-08-14T00:35:00.996000Z,ETH-USD,10.00000000,271.53000000,buy
match,38722370,4664732749,d59066fb-4ec1-4099-8758-798c6d359c9a,fb20312f-f3f3-4dbf-9973-a3416db647f8,2018-08-14T00:35:01.004000Z,ETH-USD,3.30000000,271.40000000,buy
match,38722371,4664732751,5b0da42b-3bcf-4cf6-81bc-c64c617f02a4,fb20312f-f3f3-4dbf-9973-a3416db647f8,2018-08-14T00:35:01.004000Z,ETH-USD,2.25965349,271.22000000,buy
match,38722372,4664733062,5b0da42b-3bcf-4cf6-81bc-c64c617f02a4,9522b789-7381-4bb9-82b1-42dec690cd11,2018-08-14T00:35:02.206000Z,ETH-USD,1.50502175,271.22000000,buy
match,38722373,4664733064,11197c87-0ceb-4283-b2a0-bf2d3de581df,9522b789-7381-4bb9-82b1-42dec690cd11,2018-08-14T00:35:02.206000Z,ETH-USD,0.02110000,271.22000000,buy
match,38722374,4664733066,a097d7c5-2e45-4451-b178-0df1a449a627,9522b789-7381-4bb9-82b1-42dec690cd11,2018-08-14T00:35:02.206000Z,ETH-USD,0.01007000,271.22000000,buy
match,38722375,4664733068,8b6ed7ab-3719-4cdd-ad0c-643e755b6425,9522b789-7381-4bb9-82b1-42dec690cd11,2018-08-14T00:35:02.206000Z,ETH-USD,10.00000000,271.22000000,buy
match,38722376,4664733070,02c25e93-157d-452a-b705-e01e585ce624,9522b789-7381-4bb9-82b1-42dec690cd11,2018-08-14T00:35:02.206000Z,ETH-USD,65.26710097,271.22000000,buy
match,38722377,4664733072,7b5445ab-9977-4b5b-8848-b4eb200ca38b,9522b789-7381-4bb9-82b1-42dec690cd11,2018-08-14T00:35:02.206000Z,ETH-USD,3.30000000,271.22000000,buy
match,38722378,4664733074,4d8844d4-bec4-409b-acb8-1690e71b3729,9522b789-7381-4bb9-82b1-42dec690cd11,2018-08-14T00:35:02.206000Z,ETH-USD,0.01090000,271.22000000,buy
match,38722379,4664733076,e63089c5-5fbe-4feb-98a9-cde5bcd7d8f4,9522b789-7381-4bb9-82b1-42dec690cd11,2018-08-14T00:35:02.206000Z,ETH-USD,3.49990728,271.22000000,buy
match,38722380,4664733090,e63089c5-5fbe-4feb-98a9-cde5bcd7d8f4,e3a1722c-4be2-42ce-8ae8-cd69b88fc3bf,2018-08-14T00:35:02.233000Z,ETH-USD,0.00009272,271.22000000,buy
match,38722381,4664733092,b0491ea7-8336-4010-9e51-4f566e910d5c,e3a1722c-4be2-42ce-8ae8-cd69b88fc3bf,2018-08-14T00:35:02.233000Z,ETH-USD,0.04760728,271.22000000,buy
match,38722382,4664733135,b0491ea7-8336-4010-9e51-4f566e910d5c,c0960fc9-ca57-411b-b44a-8905fea0153f,2018-08-14T00:35:02.528000Z,ETH-USD,9.95239272,271.22000000,buy
match,38722383,4664733171,9a692626-8a8a-4f62-bc24-e8d63e9c5408,c3b76637-ddc1-42e5-b219-9427be831f40,2018-08-14T00:35:02.584000Z,ETH-USD,0.04770000,271.19000000,buy
match,38722384,4664733212,b9f1a1fb-4748-4733-b4d2-7f26b72fe864,fc406e94-9f6a-4006-981d-a8ed56a69216,2018-08-14T00:35:02.642000Z,ETH-USD,8.69130000,271.19000000,buy
match,38722385,4664733527,c0960fc9-ca57-411b-b44a-8905fea0153f,41d37f25-05ba-4b82-be54-f464a8337521,2018-08-14T00:35:03.737000Z,ETH-USD,9.04760728,271.20000000,sell
match,38722386,4664733529,99e4d9e5-9ea3-4221-be9c-348ac46364a7,41d37f25-05ba-4b82-be54-f464a8337521,2018-08-14T00:35:03.737000Z,ETH-USD,8.42600000,271.20000000,sell
match,38722387,4664733531,aa8c5cc0-c6d2-4a82-be14-06bc177b7622,41d37f25-05ba-4b82-be54-f464a8337521,2018-08-14T00:35:03.737000Z,ETH-USD,12.54700000,271.20000000,sell
match,38722388,4664733533,b307d066-28a9-4f9f-95e7-54c8d03ec20e,41d37f25-05ba-4b82-be54-f464a8337521,2018-08-14T00:35:03.737000Z,ETH-USD,0.02000000,271.20000000,sell
match,38722389,4664733535,aace38dc-0048-41f0-98a8-4dc2e70a8844,41d37f25-05ba-4b82-be54-f464a8337521,2018-08-14T00:35:03.737000Z,ETH-USD,0.14000000,271.20000000,sell
match,38722390,4664733537,4b24c5b0-ff38-40a5-9f70-aaa7d04f9675,41d37f25-05ba-4b82-be54-f464a8337521,2018-08-14T00:35:03.737000Z,ETH-USD,0.01000000,271.20000000,sell
match,38722391,4664733539,53b1750d-35c4-4deb-b50c-5a0a9199fbf2,41d37f25-05ba-4b82-be54-f464a8337521,2018-08-14T00:35:03.737000Z,ETH-USD,20.00000000,271.20000000,sell
match,38722392,4664733541,5958595b-3f63-4f63-8721-73f0c27d1ba9,41d37f25-05ba-4b82-be54-f464a8337521,2018-08-14T00:35:03.737000Z,ETH-USD,0.07000000,271.20000000,sell
match,38722393,4664733543,a8616b95-c184-4743-8d35-190edda5c67b,41d37f25-05ba-4b82-be54-f464a8337521,2018-08-14T00:35:03.737000Z,ETH-USD,0.02000000,271.20000000,sell
match,38722394,4664733545,107540dc-ae91-4062-b9d9-71dd888c1bf0,41d37f25-05ba-4b82-be54-f464a8337521,2018-08-14T00:35:03.737000Z,ETH-USD,10.00000000,271.30000000,sell
match,38722395,4664733547,70391d22-6295-425f-bf9b-df88862f45ab,41d37f25-05ba-4b82-be54-f464a8337521,2018-08-14T00:35:03.737000Z,ETH-USD,22.10000000,271.30000000,sell
match,38722396,4664733549,ae25ef72-17f1-4a09-b04d-594cdfb0fcc7,41d37f25-05ba-4b82-be54-f464a8337521,2018-08-14T00:35:03.737000Z,ETH-USD,10.00000000,271.34000000,sell
match,38722397,4664733551,930e3ca6-12dd-4016-9821-6cc2137273d8,41d37f25-05ba-4b82-be54-f464a8337521,2018-08-14T00:35:03.737000Z,ETH-USD,34.70407750,271.39000000,sell
match,38722398,4664733605,0692d6b7-d4b5-4fa6-b800-b06bc48a5743,6467f1fa-53f9-4d98-8472-2772c842ab0c,2018-08-14T00:35:03.809000Z,ETH-USD,8.38140000,271.38000000,buy
match,38722399,4664733607,9cdfdd6a-9965-42d6-8d7d-3800173d9553,6467f1fa-53f9-4d98-8472-2772c842ab0c,2018-08-14T00:35:03.809000Z,ETH-USD,7.59364500,271.38000000,buy
match,38722400,4664733609,8343995b-00c1-469a-9c23-147639b6fa24,6467f1fa-53f9-4d98-8472-2772c842ab0c,2018-08-14T00:35:03.809000Z,ETH-USD,7.98695500,271.33000000,buy
match,38722401,4664733667,c8eb3659-ad7f-4697-b93d-9e0ff35f8730,2778269f-272a-4461-b425-01de89f49654,2018-08-14T00:35:03.891000Z,ETH-USD,3.30000000,271.19000000,buy
match,38722402,4664733669,26b2ff3b-ccbe-440d-969b-26d655ac2bd7,2778269f-272a-4461-b425-01de89f49654,2018-08-14T00:35:03.891000Z,ETH-USD,0.07260000,271.15000000,buy
match,38722403,4664733671,3bef821a-7fc3-4a5b-addd-af73467e7ca0,2778269f-272a-4461-b425-01de89f49654,2018-08-14T00:35:03.891000Z,ETH-USD,7.38000000,271.11000000,buy
match,38722404,4664733673,e2f0c1d2-9828-4b27-84fa-1efa8ddaeaef,2778269f-272a-4461-b425-01de89f49654,2018-08-14T00:35:03.891000Z,ETH-USD,8.24740000,271.11000000,buy
match,38722405,4664733716,e2f0c1d2-9828-4b27-84fa-1efa8ddaeaef,169ffb48-e53b-407f-9d58-58c1339ab25d,2018-08-14T00:35:03.970000Z,ETH-USD,6.75260000,271.11000000,buy
match,38722406,4664733718,c68bf4c9-f4d0-4217-b2e1-416b55540c30,169ffb48-e53b-407f-9d58-58c1339ab25d,2018-08-14T00:35:03.970000Z,ETH-USD,0.07419700,271.11000000,buy
match,38722407,4664733720,36c02721-982f-4031-ac75-6acfb6ab5ed4,169ffb48-e53b-407f-9d58-58c1339ab25d,2018-08-14T00:35:03.970000Z,ETH-USD,12.17320300,271.10000000,buy
match,38722408,4664733756,36c02721-982f-4031-ac75-6acfb6ab5ed4,bac147df-3419-45bc-b3e6-360560c82841,2018-08-14T00:35:04.050000Z,ETH-USD,87.82679700,271.10000000,buy
match,38722409,4664733758,d398aa5d-50af-4516-a900-a17dfd4339b3,bac147df-3419-45bc-b3e6-360560c82841,2018-08-14T00:35:04.050000Z,ETH-USD,1.25000000,271.10000000,buy
match,38722410,4664733760,d1f3e932-d4f4-49de-bfc4-eb43e4f944d8,bac147df-3419-45bc-b3e6-360560c82841,2018-08-14T00:35:04.050000Z,ETH-USD,0.05000000,271.08000000,buy
match,38722411,4664733762,ea4eacd0-3ca9-47fa-9189-9e48ef8a4661,bac147df-3419-45bc-b3e6-360560c82841,2018-08-14T00:35:04.050000Z,ETH-USD,10.00000000,271.08000000,buy
match,38722412,4664733764,dcb91efe-8b5d-4464-a84f-df2f1dd88655,bac147df-3419-45bc-b3e6-360560c82841,2018-08-14T00:35:04.050000Z,ETH-USD,7.50000000,271.05000000,buy
match,38722413,4664733766,622961c3-42d9-47bd-b4ca-8d84ce12bbc9,bac147df-3419-45bc-b3e6-360560c82841,2018-08-14T00:35:04.050000Z,ETH-USD,0.20400000,271.05000000,buy
match,38722414,4664733811,924ada92-106a-4c54-afeb-ef6f8a90aa49,d13925ab-b378-498d-a50d-671f09701ca2,2018-08-14T00:35:04.122000Z,ETH-USD,0.04770000,271.02000000,buy
match,38722415,4664733813,6c2165d1-8d3d-4b89-bff1-1a5aad429262,d13925ab-b378-498d-a50d-671f09701ca2,2018-08-14T00:35:04.122000Z,ETH-USD,0.40000000,271.01000000,buy
match,38722416,4664733815,0822a2df-0f45-4e46-be9a-f3fa6fb40ef1,d13925ab-b378-498d-a50d-671f09701ca2,2018-08-14T00:35:04.122000Z,ETH-USD,0.04000000,271.01000000,buy
match,38722417,4664733817,454eb63d-4916-4849-bc85-e16ffc458761,d13925ab-b378-498d-a50d-671f09701ca2,2018-08-14T00:35:04.122000Z,ETH-USD,0.20000000,271.01000000,buy
match,38722418,4664733819,6915e97d-7e49-4888-93ee-906d0e8f6eb7,d13925ab-b378-498d-a50d-671f09701ca2,2018-08-14T00:35:04.122000Z,ETH-USD,10.00000000,271.00000000,buy
match,38722419,4664733821,a0577af0-e45b-4a98-842f-30acafc9cafa,d13925ab-b378-498d-a50d-671f09701ca2,2018-08-14T00:35:04.122000Z,ETH-USD,1.00000000,271.00000000,buy
match,38722420,4664733823,13b0b540-460e-404b-8daf-393de98f734d,d13925ab-b378-498d-a50d-671f09701ca2,2018-08-14T00:35:04.122000Z,ETH-USD,0.01000000,271.00000000,buy
match,38722421,4664733825,32c8183f-f49d-47cb-a235-45355a221733,d13925ab-b378-498d-a50d-671f09701ca2,2018-08-14T00:35:04.122000Z,ETH-USD,5.00000000,271.00000000,buy
match,38722422,4664733827,dd295209-6ab2-48df-88f4-fe30b582399a,d13925ab-b378-498d-a50d-671f09701ca2,2018-08-14T00:35:04.122000Z,ETH-USD,2.30230000,271.00000000,buy
match,38722423,4664733830,dd295209-6ab2-48df-88f4-fe30b582399a,555e2390-13ca-4e69-9506-da2e47b690a5,2018-08-14T00:35:04.122000Z,ETH-USD,0.05000000,271.00000000,buy
match,38722424,4664733833,dd295209-6ab2-48df-88f4-fe30b582399a,fbb2fd8a-adf4-4f15-a2cd-79ee20fc08b4,2018-08-14T00:35:04.122000Z,ETH-USD,0.64770000,271.00000000,buy
match,38722425,4664733835,6b3513ba-b5fe-4f1a-b2ae-eea338608cd8,fbb2fd8a-adf4-4f15-a2cd-79ee20fc08b4,2018-08-14T00:35:04.122000Z,ETH-USD,0.37011700,271.00000000,buy
match,38722426,4664733837,4408160f-b44b-48fc-aaeb-c6bce0d84c9b,fbb2fd8a-adf4-4f15-a2cd-79ee20fc08b4,2018-08-14T00:35:04.122000Z,ETH-USD,1.98218300,271.00000000,buy
match,38722427,4664733907,4408160f-b44b-48fc-aaeb-c6bce0d84c9b,1224ac1c-e36d-4966-b021-839102b7e700,2018-08-14T00:35:04.387000Z,ETH-USD,3.01781700,271.00000000,buy
match,38722428,4664733909,57515716-1557-45d3-b3c9-dc735b10b506,1224ac1c-e36d-4966-b021-839102b7e700,2018-08-14T00:35:04.387000Z,ETH-USD,10.00000000,271.00000000,buy
match,38722429,4664733911,b17713c6-c416-4f98-852d-3a5fb91cae3e,1224ac1c-e36d-4966-b021-839102b7e700,2018-08-14T00:35:04.387000Z,ETH-USD,1.00000000,271.00000000,buy
match,38722430,4664733913,5b77bef0-b91e-41e0-9ab5-d9c0b054c218,1224ac1c-e36d-4966-b021-839102b7e700,2018-08-14T00:35:04.387000Z,ETH-USD,1.00000000,271.00000000,buy
match,38722431,4664733915,44f80a2c-bf49-4d36-a440-44cc6ea7fe88,1224ac1c-e36d-4966-b021-839102b7e700,2018-08-14T00:35:04.387000Z,ETH-USD,0.02000000,271.00000000,buy
match,38722432,4664733917,2ace7545-f3ae-437b-a049-d6454feb030f,1224ac1c-e36d-4966-b021-839102b7e700,2018-08-14T00:35:04.387000Z,ETH-USD,0.50000000,271.00000000,buy
match,38722433,4664733919,99471e8d-b2c0-46a7-a88f-18760ca27f5c,1224ac1c-e36d-4966-b021-839102b7e700,2018-08-14T00:35:04.387000Z,ETH-USD,2.00000000,271.00000000,buy
match,38722434,4664733921,e9642779-aad2-41cc-aefc-f76f722ae880,1224ac1c-e36d-4966-b021-839102b7e700,2018-08-14T00:35:04.387000Z,ETH-USD,10.96225156,271.00000000,buy
match,38722435,4664733923,705c7bba-5849-46f6-beb2-1fa2a4ca1918,1224ac1c-e36d-4966-b021-839102b7e700,2018-08-14T00:35:04.387000Z,ETH-USD,0.01845018,271.00000000,buy
match,38722436,4664733925,f3a6286c-de8f-4261-bfde-2c3449940f5d,1224ac1c-e36d-4966-b021-839102b7e700,2018-08-14T00:35:04.387000Z,ETH-USD,1.00000000,271.00000000,buy
match,38722437,4664733927,4ef74702-5e55-4921-a35d-84106b60d65f,1224ac1c-e36d-4966-b021-839102b7e700,2018-08-14T00:35:04.387000Z,ETH-USD,0.01000000,271.00000000,buy
match,38722438,4664734118,65a9dbce-7f0b-4e23-9642-a6c8ae873a0e,bb647e61-e440-4305-a1f3-4d591e4337a3,2018-08-14T00:35:05.067000Z,ETH-USD,0.07260000,270.99000000,sell
match,38722439,4664734185,65a9dbce-7f0b-4e23-9642-a6c8ae873a0e,416f09ce-c4c7-4dd3-9ed5-b9dc87b63dd9,2018-08-14T00:35:05.608000Z,ETH-USD,0.01740000,270.99000000,sell
match,38722440,4664734187,983d7639-2310-4be2-b90b-ed40e0574900,416f09ce-c4c7-4dd3-9ed5-b9dc87b63dd9,2018-08-14T00:35:05.608000Z,ETH-USD,0.02000000,271.01000000,sell
match,38722441,4664734189,370ab9af-022e-4bbf-b582-dc06a8999031,416f09ce-c4c7-4dd3-9ed5-b9dc87b63dd9,2018-08-14T00:35:05.608000Z,ETH-USD,0.03000000,271.01000000,sell
match,38722442,4664734191,41df58a0-5583-4f1f-8381-a964ce442e7b,416f09ce-c4c7-4dd3-9ed5-b9dc87b63dd9,2018-08-14T00:35:05.608000Z,ETH-USD,0.65435939,271.03000000,sell
match,38722443,4664734315,b00fbf01-b3e4-49ff-a411-80bba26280f9,c709010f-be18-4b18-bf13-420541f49921,2018-08-14T00:35:05.843000Z,ETH-USD,8.12430000,271.02000000,buy
match,38722444,4664734317,7bd9bcb1-fb86-41f4-9827-8a81df82e6ac,c709010f-be18-4b18-bf13-420541f49921,2018-08-14T00:35:05.843000Z,ETH-USD,1.00000000,271.02000000,buy
match,38722445,4664734484,7ce7105f-b1f4-41f7-9736-f9124298730c,f5d38535-30d0-4b58-81cb-e4b9ed8c7a3d,2018-08-14T00:35:06.412000Z,ETH-USD,0.06000000,270.90000000,sell
match,38722446,4664734486,41df58a0-5583-4f1f-8381-a964ce442e7b,f5d38535-30d0-4b58-81cb-e4b9ed8c7a3d,2018-08-14T00:35:06.412000Z,ETH-USD,0.85967694,271.03000000,sell
match,38722447,4664734489,2cecd50c-d512-4631-84ea-b4a92fd4c091,0581093f-5b7e-4cd8-b043-299b8a0118f4,2018-08-14T00:35:06.414000Z,ETH-USD,0.36630000,270.89000000,buy
match,38722448,4664735123,7875abe4-dea2-4373-aceb-adf9ace97b75,c3ca4b8e-b118-4e5c-8e7e-24e52345f906,2018-08-14T00:35:09.174000Z,ETH-USD,0.04000000,271.02000000,sell
match,38722449,4664735125,240561f9-133a-4fe7-a24b-3326d2fb70ed,c3ca4b8e-b118-4e5c-8e7e-24e52345f906,2018-08-14T00:35:09.174000Z,ETH-USD,0.01000000,271.02000000,sell
match,38722450,4664735127,440c77f0-d9fa-4edb-b8f4-3d04dccd6245,c3ca4b8e-b118-4e5c-8e7e-24e52345f906,2018-08-14T00:35:09.174000Z,ETH-USD,0.01000000,271.02000000,sell
match,38722451,4664735129,fb7365ec-321a-42e5-ba48-096c5723ea84,c3ca4b8e-b118-4e5c-8e7e-24e52345f906,2018-08-14T00:35:09.174000Z,ETH-USD,0.94000000,271.02000000,sell
match,38722452,4664735694,94fd871b-e7ff-4246-a67c-8bd02fa9e8a2,1c336a27-68db-4074-97ca-48b6fa955927,2018-08-14T00:35:11.774000Z,ETH-USD,0.01000000,271.01000000,buy
match,38722453,4664735696,baa33ca5-43ab-4bf4-8b70-d57d20b716c4,1c336a27-68db-4074-97ca-48b6fa955927,2018-08-14T00:35:11.774000Z,ETH-USD,0.98000000,271.01000000,buy
match,38722454,4664735698,5c6532e2-e593-402b-92e1-19c3c1af05df,1c336a27-68db-4074-97ca-48b6fa955927,2018-08-14T00:35:11.774000Z,ETH-USD,0.01000000,271.00000000,buy
match,38722455,4664735877,5c6532e2-e593-402b-92e1-19c3c1af05df,bb7ae142-bf8d-4f95-a599-f4713cfeeb61,2018-08-14T00:35:12.529000Z,ETH-USD,3.61482347,271.00000000,buy
match,38722456,4664736345,5c6532e2-e593-402b-92e1-19c3c1af05df,2b75f0e6-32b4-4db0-b0ec-709456827ecd,2018-08-14T00:35:14.580000Z,ETH-USD,1.37517653,271.00000000,buy
match,38722457,4664736347,67c858c0-d07e-41e0-ad58-2807f847de8b,2b75f0e6-32b4-4db0-b0ec-709456827ecd,2018-08-14T00:35:14.580000Z,ETH-USD,0.82000000,271.00000000,buy
match,38722458,4664736349,2b6b34b4-2516-4fcc-a1f6-4014a9069a37,2b75f0e6-32b4-4db0-b0ec-709456827ecd,2018-08-14T00:35:14.580000Z,ETH-USD,0.14030000,270.91000000,buy
match,38722459,4664736351,ce16f4bd-4db5-438f-8497-6ab38e3d6418,2b75f0e6-32b4-4db0-b0ec-709456827ecd,2018-08-14T00:35:14.580000Z,ETH-USD,0.01000000,270.89000000,buy
match,38722460,4664736353,cb24b736-8bb9-4c46-b506-7f2254bb7e62,2b75f0e6-32b4-4db0-b0ec-709456827ecd,2018-08-14T00:35:14.580000Z,ETH-USD,0.07520000,270.89000000,buy
match,38722461,4664736355,dea5c8ea-8949-49b7-b267-43a38891db11,2b75f0e6-32b4-4db0-b0ec-709456827ecd,2018-08-14T00:35:14.580000Z,ETH-USD,50.00000000,270.87000000,buy
match,38722462,4664736357,f92649d2-f30c-460b-bad1-3cd7ac7e9483,2b75f0e6-32b4-4db0-b0ec-709456827ecd,2018-08-14T00:35:14.580000Z,ETH-USD,0.07260000,270.86000000,buy
match,38722463,4664736359,4c5162ad-d89f-4ec4-92ff-3bd879df51b8,2b75f0e6-32b4-4db0-b0ec-709456827ecd,2018-08-14T00:35:14.580000Z,ETH-USD,5.00000000,270.80000000,buy
match,38722464,4664736361,ae3e6e53-fb21-4e07-9c4d-4ba7ae71c450,2b75f0e6-32b4-4db0-b0ec-709456827ecd,2018-08-14T00:35:14.580000Z,ETH-USD,0.04770000,270.80000000,buy
match,38722465,4664736363,5d625dc4-7a8a-4ac4-994b-017d210453c2,2b75f0e6-32b4-4db0-b0ec-709456827ecd,2018-08-14T00:35:14.580000Z,ETH-USD,0.05000000,270.78000000,buy
match,38722466,4664736365,512341e4-3aa9-4360-97bb-b71aff0716b5,2b75f0e6-32b4-4db0-b0ec-709456827ecd,2018-08-14T00:35:14.580000Z,ETH-USD,4.00000000,270.78000000,buy
match,38722467,4664736367,4e6256fc-eb08-4b63-84da-9d003ea02627,2b75f0e6-32b4-4db0-b0ec-709456827ecd,2018-08-14T00:35:14.580000Z,ETH-USD,0.07520000,270.77000000,buy
match,38722468,4664736369,c0dad0c1-7734-45e3-9cd5-6143a3b34ce6,2b75f0e6-32b4-4db0-b0ec-709456827ecd,2018-08-14T00:35:14.580000Z,ETH-USD,0.14030000,270.74000000,buy
match,38722469,4664736371,1cf65ee1-928a-49e2-aa50-f142146e2704,2b75f0e6-32b4-4db0-b0ec-709456827ecd,2018-08-14T00:35:14.580000Z,ETH-USD,0.59010000,270.67000000,buy
match,38722470,4664736373,3fe98a74-6da6-4fa4-be7d-090b4404dffa,2b75f0e6-32b4-4db0-b0ec-709456827ecd,2018-08-14T00:35:14.580000Z,ETH-USD,25.00000000,270.67000000,buy
match,38722471,4664736375,6e9b2e27-4b18-4054-9a73-9bc10f25d38a,2b75f0e6-32b4-4db0-b0ec-709456827ecd,2018-08-14T00:35:14.580000Z,ETH-USD,0.22000000,270.66000000,buy
match,38722472,4664736377,c718496c-c1d5-401b-9a4a-d44e84c70424,2b75f0e6-32b4-4db0-b0ec-709456827ecd,2018-08-14T00:35:14.580000Z,ETH-USD,0.04770000,270.65000000,buy
match,38722473,4664736379,0e5a4157-1816-4dee-9c3c-8d24ac73561b,2b75f0e6-32b4-4db0-b0ec-709456827ecd,2018-08-14T00:35:14.580000Z,ETH-USD,0.07260000,270.61000000,buy
match,38722474,4664736381,8d2e5062-a37a-4b07-8f3e-4136288b9ac3,2b75f0e6-32b4-4db0-b0ec-709456827ecd,2018-08-14T00:35:14.580000Z,ETH-USD,0.02100000,270.55000000,buy
match,38722475,4664736383,da6c0f7f-a785-4a6d-a3b7-d4036395c0f9,2b75f0e6-32b4-4db0-b0ec-709456827ecd,2018-08-14T00:35:14.580000Z,ETH-USD,3.00000000,270.55000000,buy
match,38722476,4664736385,61ad65f7-fe82-4693-9e55-760feffd57c8,2b75f0e6-32b4-4db0-b0ec-709456827ecd,2018-08-14T00:35:14.580000Z,ETH-USD,0.71984560,270.54000000,buy
match,38722477,4664736387,ca6997b9-a553-447c-832f-402485a2f7f0,2b75f0e6-32b4-4db0-b0ec-709456827ecd,2018-08-14T00:35:14.580000Z,ETH-USD,0.58878000,270.52000000,buy
match,38722478,4664736389,0ef73d49-16d7-4ab4-b708-2cce8497c6e9,2b75f0e6-32b4-4db0-b0ec-709456827ecd,2018-08-14T00:35:14.580000Z,ETH-USD,2.00000000,270.52000000,buy
match,38722479,4664736391,60d94be6-88c0-437c-a98c-df06a93ae7fe,2b75f0e6-32b4-4db0-b0ec-709456827ecd,2018-08-14T00:35:14.580000Z,ETH-USD,0.01848429,270.50000000,buy
match,38722480,4664736393,0942ebf9-d8c3-4846-ab6a-a866b839ca7e,2b75f0e6-32b4-4db0-b0ec-709456827ecd,2018-08-14T00:35:14.580000Z,ETH-USD,5.00000000,270.50000000,buy
match,38722481,4664736395,15c9a352-e70e-429b-9c8c-03ed3c6d02c3,2b75f0e6-32b4-4db0-b0ec-709456827ecd,2018-08-14T00:35:14.580000Z,ETH-USD,17.50000000,270.44000000,buy
match,38722482,4664736397,0af0e4aa-87f4-4401-866a-04ff2eb6f17a,2b75f0e6-32b4-4db0-b0ec-709456827ecd,2018-08-14T00:35:14.580000Z,ETH-USD,37.80333804,270.44000000,buy
match,38722483,4664737162,9c566004-2ce7-49b5-a42f-0eedd5d0d867,eef3a5c3-32a5-4f0b-a61e-5ca4f52a79ce,2018-08-14T00:35:16.491000Z,ETH-USD,0.76091330,270.70000000,buy
match,38722484,4664737268,d0ddad11-7538-449f-8977-d0860d7d7754,5ba34dcf-c902-4658-a95b-3244128639e6,2018-08-14T00:35:16.790000Z,ETH-USD,0.03000000,270.92000000,sell
match,38722485,4664737270,3a68553d-0e16-42f7-921d-3898794b6a2c,5ba34dcf-c902-4658-a95b-3244128639e6,2018-08-14T00:35:16.790000Z,ETH-USD,1.67701996,270.93000000,sell
match,38722486,4664737466,ed39f879-5490-4803-8238-e7a7fb863cdc,13c02a96-4c79-46d4-9d43-4c9db463737d,2018-08-14T00:35:17.477000Z,ETH-USD,18.76773989,270.99000000,buy
match,38722487,4664737510,df62bb7b-9426-4128-9a33-f7e0f35c0d61,a06ddcda-148b-4997-9c99-f6bfa7fd3c41,2018-08-14T00:35:17.561000Z,ETH-USD,0.02000000,271.00000000,sell
match,38722488,4664737512,c504b34a-f361-4f35-89ea-0349ecbf61db,a06ddcda-148b-4997-9c99-f6bfa7fd3c41,2018-08-14T00:35:17.561000Z,ETH-USD,0.51830000,271.00000000,sell
match,38722489,4664737514,f157d807-61eb-4aac-9681-fea7e93aa2ef,a06ddcda-148b-4997-9c99-f6bfa7fd3c41,2018-08-14T00:35:17.561000Z,ETH-USD,0.01000000,271.00000000,sell
match,38722490,4664737516,dde138e8-e6ad-458b-ad81-0aa694ff73fc,a06ddcda-148b-4997-9c99-f6bfa7fd3c41,2018-08-14T00:35:17.561000Z,ETH-USD,0.02000000,271.00000000,sell
match,38722491,4664737518,4b0c640f-f485-429f-81f4-60d8abe8a202,a06ddcda-148b-4997-9c99-f6bfa7fd3c41,2018-08-14T00:35:17.561000Z,ETH-USD,0.02000000,271.00000000,sell
match,38722492,4664737520,fcf6184c-0d70-4252-b83c-3b3cf9eeba51,a06ddcda-148b-4997-9c99-f6bfa7fd3c41,2018-08-14T00:35:17.561000Z,ETH-USD,0.13400000,271.01000000,sell
match,38722493,4664737566,0e0c08e7-31db-4b96-951d-c9019732736e,170fc2fa-88cc-4610-9a11-0341f9583338,2018-08-14T00:35:17.655000Z,ETH-USD,1.00000000,271.00000000,buy
match,38722494,4664737568,6323c42f-cae3-4062-bd86-2b2edd63f2d7,170fc2fa-88cc-4610-9a11-0341f9583338,2018-08-14T00:35:17.655000Z,ETH-USD,2.50144390,271.00000000,buy
match,38722495,4664737570,ed39f879-5490-4803-8238-e7a7fb863cdc,170fc2fa-88cc-4610-9a11-0341f9583338,2018-08-14T00:35:17.655000Z,ETH-USD,1.19855610,270.99000000,buy
match,38722496,4664737646,ed39f879-5490-4803-8238-e7a7fb863cdc,c761e584-4f38-4bdf-9f5f-2bd865259e60,2018-08-14T00:35:17.896000Z,ETH-USD,0.03370401,270.99000000,buy
match,38722497,4664737648,7c49b87f-0747-4dd0-a4fd-fc03b21dc143,c761e584-4f38-4bdf-9f5f-2bd865259e60,2018-08-14T00:35:17.896000Z,ETH-USD,39.96629599,270.72000000,buy
match,38722498,4664738233,15bf844f-1995-43c5-9f48-ce48cf234d1c,2b1a1fad-1293-46a4-bbb1-00a6f0819659,2018-08-14T00:35:19.699000Z,ETH-USD,0.02000000,270.91000000,sell
match,38722499,4664738235,3d2c9f8c-d9e2-4d62-86bf-2632084f075b,2b1a1fad-1293-46a4-bbb1-00a6f0819659,2018-08-14T00:35:19.699000Z,ETH-USD,0.01000000,270.91000000,sell
match,38722500,4664738237,54659935-62fd-4321-a539-adc15ec486ab,2b1a1fad-1293-46a4-bbb1-00a6f0819659,2018-08-14T00:35:19.699000Z,ETH-USD,1.05526807,270.93000000,sell
match,38722501,4664738319,25fa3dcb-0c9d-4e49-8ff2-38ac3d25d43f,0b52b127-345f-4315-b1a9-11cbbceba966,2018-08-14T00:35:19.862000Z,ETH-USD,7.07220000,270.92000000,buy
match,38722502,4664738321,319e5551-2384-457c-9e5e-4f557a795b34,0b52b127-345f-4315-b1a9-11cbbceba966,2018-08-14T00:35:19.862000Z,ETH-USD,20.00000000,270.92000000,buy
match,38722503,4664738323,101ba05c-1edc-4da2-9d80-7c30571d1f42,0b52b127-345f-4315-b1a9-11cbbceba966,2018-08-14T00:35:19.862000Z,ETH-USD,1.00000000,270.92000000,buy
match,38722504,4664738325,7c49b87f-0747-4dd0-a4fd-fc03b21dc143,0b52b127-345f-4315-b1a9-11cbbceba966,2018-08-14T00:35:19.862000Z,ETH-USD,64.65454189,270.72000000,buy
match,38722505,4664738390,394050f8-da40-4abe-bf29-df32e0290f13,5db50543-acc9-4832-b869-20b0eed6b2e4,2018-08-14T00:35:19.994000Z,ETH-USD,20.00000000,270.90000000,buy
match,38722506,4664738392,7c49b87f-0747-4dd0-a4fd-fc03b21dc143,5db50543-acc9-4832-b869-20b0eed6b2e4,2018-08-14T00:35:19.994000Z,ETH-USD,25.81872952,270.72000000,buy
match,38722507,4664738402,30531ff3-f586-4502-a80a-82f99aca9114,ab388beb-7970-40a1-b6e5-072a9487000d,2018-08-14T00:35:20.013000Z,ETH-USD,1.00000000,270.95000000,sell
match,38722508,4664738500,59434f4e-4532-418c-8228-fd79ccef87ab,766e32a8-4efa-4ac3-b896-dc6925122230,2018-08-14T00:35:20.249000Z,ETH-USD,3.00000000,270.91000000,buy
match,38722509,4664738851,6a75fc4e-2900-473b-bb8f-152160f92453,a7b47aaa-6c66-4a32-88c0-ce64c5054834,2018-08-14T00:35:21.093000Z,ETH-USD,0.01000000,270.94000000,sell
match,38722510,4664738853,2a758793-c9f2-41a2-becc-a12518a6f57f,a7b47aaa-6c66-4a32-88c0-ce64c5054834,2018-08-14T00:35:21.093000Z,ETH-USD,0.07419700,270.96000000,sell
match,38722511,4664738855,56d8f39d-c734-45bf-8437-ee21c84f0209,a7b47aaa-6c66-4a32-88c0-ce64c5054834,2018-08-14T00:35:21.093000Z,ETH-USD,0.01000000,270.98000000,sell
match,38722512,4664738857,f81f52c4-7dda-4d02-b6c6-8bb362180af6,a7b47aaa-6c66-4a32-88c0-ce64c5054834,2018-08-14T00:35:21.093000Z,ETH-USD,1.90580300,271.00000000,sell
match,38722513,4664739224,a0a74389-90a1-4b8e-826d-efae335e1b2a,b5a33561-53fb-4fae-8044-2ec6e3ade685,2018-08-14T00:35:22.567000Z,ETH-USD,0.01000000,270.81000000,sell
match,38722514,4664739226,9aa9ebe8-e8d0-48c9-8e97-53d46db0f286,b5a33561-53fb-4fae-8044-2ec6e3ade685,2018-08-14T00:35:22.567000Z,ETH-USD,0.05795775,270.82000000,sell
match,38722515,4664739418,1deb62d7-f4d1-4b18-8e51-36ad285c3a59,caaeaad4-798e-47a4-ad0d-da9487cffaf3,2018-08-14T00:35:23.380000Z,ETH-USD,0.04960072,270.99000000,sell
match,38722516,4664739475,1deb62d7-f4d1-4b18-8e51-36ad285c3a59,29894d45-79c4-497f-9930-0cb9851e54eb,2018-08-14T00:35:23.655000Z,ETH-USD,0.97039928,270.99000000,sell
match,38722517,4664739477,3e92b0fd-36ea-4fca-998d-d3871a65393a,29894d45-79c4-497f-9930-0cb9851e54eb,2018-08-14T00:35:23.655000Z,ETH-USD,0.01000000,270.99000000,sell
match,38722518,4664739479,bccc7bdd-bac8-4ac5-a565-fa1fd2f32665,29894d45-79c4-497f-9930-0cb9851e54eb,2018-08-14T00:35:23.655000Z,ETH-USD,2.63711201,270.99000000,sell
match,38722519,4664739532,95a6d8c4-2dc7-4a02-a867-6e1c5df57cf3,0b90a447-526c-4a3e-8f39-7a84f76c69f2,2018-08-14T00:35:23.903000Z,ETH-USD,0.19094991,270.73000000,sell
match,38722520,4664739638,2490eea0-3ec4-481e-9cfb-50251ba21be5,75d048b9-caa4-4426-851d-5c770652d66c,2018-08-14T00:35:24.384000Z,ETH-USD,0.01000000,270.97000000,sell
match,38722521,4664739640,3c45afef-fd10-476e-8994-fe74fc2fdb98,75d048b9-caa4-4426-851d-5c770652d66c,2018-08-14T00:35:24.384000Z,ETH-USD,0.01000000,270.97000000,sell
match,38722522,4664739642,f81f52c4-7dda-4d02-b6c6-8bb362180af6,75d048b9-caa4-4426-851d-5c770652d66c,2018-08-14T00:35:24.384000Z,ETH-USD,0.12689302,271.00000000,sell
match,38722523,4664740020,d9dd8f61-3101-4683-90cf-940ecdee4e29,36036529-b1c0-42e4-8923-f4da57a1fe19,2018-08-14T00:35:25.869000Z,ETH-USD,3.52361800,270.74000000,sell
match,38722524,4664740022,f81f52c4-7dda-4d02-b6c6-8bb362180af6,36036529-b1c0-42e4-8923-f4da57a1fe19,2018-08-14T00:35:25.869000Z,ETH-USD,1.09764773,271.00000000,sell
match,38722525,4664740024,4f73b944-5e54-410c-bd23-812dc5584def,36036529-b1c0-42e4-8923-f4da57a1fe19,2018-08-14T00:35:25.869000Z,ETH-USD,0.85740588,271.00000000,sell
match,38722526,4664740245,e1dcd5d2-fefb-4f05-b5de-e140c65f3d8e,ac6ccef6-78f8-4372-a136-9bc57a4d7f7d,2018-08-14T00:35:26.930000Z,ETH-USD,1.15768023,271.00000000,sell
match,38722527,4664740296,fcf6184c-0d70-4252-b83c-3b3cf9eeba51,e93c674f-f586-4a69-a287-766e7fa4e452,2018-08-14T00:35:27.173000Z,ETH-USD,1.80875565,271.01000000,sell
match,38722528,4664740435,9e49224b-9a5d-4c79-b50a-c08fde009d1b,fde18ab9-5076-40a0-84c0-13a2b989c8b3,2018-08-14T00:35:28.224000Z,ETH-USD,2.58280000,270.98000000,buy
match,38722529,4664740488,7ab78f16-e995-423f-a6dd-a823fa865b9b,4aca002a-26c2-4963-9c8f-6d9b028be05a,2018-08-14T00:35:28.467000Z,ETH-USD,0.02000000,270.98000000,sell
match,38722530,4664740490,fcf6184c-0d70-4252-b83c-3b3cf9eeba51,4aca002a-26c2-4963-9c8f-6d9b028be05a,2018-08-14T00:35:28.467000Z,ETH-USD,0.48000000,271.01000000,sell
match,38722531,4664740866,ae4a47ed-9204-49cb-b3cd-4bb19b5097a2,b3fe4624-6d98-4eb7-aa88-b72ab944cd16,2018-08-14T00:35:30.242000Z,ETH-USD,0.50317157,270.97000000,buy
match,38722532,4664740868,d24dac73-06e8-4305-924b-a10bacdf1e1a,b3fe4624-6d98-4eb7-aa88-b72ab944cd16,2018-08-14T00:35:30.242000Z,ETH-USD,0.01000000,270.94000000,buy
match,38722533,4664740870,775ca22f-fa12-471f-9b4f-7d4d37b23392,b3fe4624-6d98-4eb7-aa88-b72ab944cd16,2018-08-14T00:35:30.242000Z,ETH-USD,0.07425800,270.74000000,buy
match,38722534,4664740872,078051ea-97f8-45b5-80ca-40894a1a7e77,b3fe4624-6d98-4eb7-aa88-b72ab944cd16,2018-08-14T00:35:30.242000Z,ETH-USD,1.00000000,270.71000000,buy
match,38722535,4664740874,25d6d00a-985a-4706-9771-7fbd35303144,b3fe4624-6d98-4eb7-aa88-b72ab944cd16,2018-08-14T00:35:30.242000Z,ETH-USD,0.10000000,270.62000000,buy
match,38722536,4664740876,93bf7bee-b99b-4d75-8b94-630b5dab0ef0,b3fe4624-6d98-4eb7-aa88-b72ab944cd16,2018-08-14T00:35:30.242000Z,ETH-USD,0.10000000,270.62000000,buy
match,38722537,4664740878,4dab7b56-6439-47d8-82cf-48a8b5b71ff4,b3fe4624-6d98-4eb7-aa88-b72ab944cd16,2018-08-14T00:35:30.242000Z,ETH-USD,0.10000000,270.62000000,buy
match,38722538,4664740880,00a3037f-aaa5-461c-8fd3-9430f6197f26,b3fe4624-6d98-4eb7-aa88-b72ab944cd16,2018-08-14T00:35:30.242000Z,ETH-USD,0.10000000,270.62000000,buy
match,38722539,4664740882,7a7baa2d-f927-4834-9359-736809b0080c,b3fe4624-6d98-4eb7-aa88-b72ab944cd16,2018-08-14T00:35:30.242000Z,ETH-USD,0.10000000,270.62000000,buy
match,38722540,4664740884,c9935422-1a56-4fc4-8873-f479bad38670,b3fe4624-6d98-4eb7-aa88-b72ab944cd16,2018-08-14T00:35:30.242000Z,ETH-USD,4.77425059,270.61000000,buy
match,38722541,4664741030,a0dddb5e-138a-4042-b6d7-ef7db575267b,1972c38a-e4b7-4c0a-9da3-9c536f48cab2,2018-08-14T00:35:30.531000Z,ETH-USD,1.42953131,270.63000000,sell
match,38722542,4664741574,351e188b-2e48-4912-9737-a0dba1d62f6c,0cb48353-544e-41ab-a9ed-f16c4700c25b,2018-08-14T00:35:32.038000Z,ETH-USD,3.78000000,270.89000000,sell
match,38722543,4664741576,e79ee038-ea32-43b0-8c67-de7bf4e46299,0cb48353-544e-41ab-a9ed-f16c4700c25b,2018-08-14T00:35:32.038000Z,ETH-USD,0.02000000,270.90000000,sell
match,38722544,4664741578,824ef0b6-ac03-4a77-b628-40781eb6bfe5,0cb48353-544e-41ab-a9ed-f16c4700c25b,2018-08-14T00:35:32.038000Z,ETH-USD,0.02000000,270.90000000,sell
match,38722545,4664741580,da7fbfca-d62d-4c58-bccf-d7e7c998bc87,0cb48353-544e-41ab-a9ed-f16c4700c25b,2018-08-14T00:35:32.038000Z,ETH-USD,2.09379100,270.94000000,sell
match,38722546,4664741582,e6ec051e-9f90-4bf9-ae13-270ccd410cde,0cb48353-544e-41ab-a9ed-f16c4700c25b,2018-08-14T00:35:32.038000Z,ETH-USD,3.28584264,270.99000000,sell
match,38722547,4664741750,9a1670f6-2bef-4aaa-b400-a70d0bdab145,188fc0c4-5dc7-444c-b894-e5b992ba3b15,2018-08-14T00:35:32.530000Z,ETH-USD,0.10000000,271.00000000,sell
match,38722548,4664741752,f418fffa-e518-4662-8f26-6d653446352b,188fc0c4-5dc7-444c-b894-e5b992ba3b15,2018-08-14T00:35:32.530000Z,ETH-USD,0.00284372,271.00000000,sell
match,38722549,4664741943,b05e853b-0661-44d4-9aa0-594df89f4931,dc6ef362-fee3-4327-8fd7-2455c1e6fd25,2018-08-14T00:35:33.309000Z,ETH-USD,1.86436313,270.70000000,buy
match,38722550,4664742439,b546a063-02ee-48b0-aa3c-9d37d4f314ce,f88208de-25f6-46f2-8b9a-32d1111aad3f,2018-08-14T00:35:35.286000Z,ETH-USD,0.02000000,270.91000000,sell
match,38722551,4664742441,1b1ef8a6-764a-464a-b832-917a5149a41a,f88208de-25f6-46f2-8b9a-32d1111aad3f,2018-08-14T00:35:35.286000Z,ETH-USD,0.01000000,270.92000000,sell
match,38722552,4664742443,890fa1a1-6db5-4ec6-87ed-f763c6442d95,f88208de-25f6-46f2-8b9a-32d1111aad3f,2018-08-14T00:35:35.286000Z,ETH-USD,0.87444457,270.93000000,sell
match,38722553,4664742888,fef05352-4dc3-4928-9ebf-d9e0352bd2c7,a93d02ba-bafe-4e62-a932-478839e28fbc,2018-08-14T00:35:37.988000Z,ETH-USD,1.00000000,270.92000000,buy
match,38722554,4664742890,29c450dd-13c0-4552-83ad-76b607d85124,a93d02ba-bafe-4e62-a932-478839e28fbc,2018-08-14T00:35:37.988000Z,ETH-USD,0.53000000,270.92000000,buy
match,38722555,4664742892,b05e853b-0661-44d4-9aa0-594df89f4931,a93d02ba-bafe-4e62-a932-478839e28fbc,2018-08-14T00:35:37.988000Z,ETH-USD,3.47000000,270.70000000,buy
match,38722556,4664743179,760e1f73-b209-4247-9bf3-61e320068492,e93ce7ae-183d-4c01-96f4-6c282ffebab1,2018-08-14T00:35:39.039000Z,ETH-USD,0.08739237,270.95000000,sell
match,38722557,4664743311,b79ebfab-eeae-4e67-b11b-354611188dc0,7af3c268-7c84-4d0b-af0a-beca8c68cf34,2018-08-14T00:35:40.101000Z,ETH-USD,0.49833000,270.71000000,buy
match,38722558,4664743426,760e1f73-b209-4247-9bf3-61e320068492,bd85aaac-7e1a-41a7-999f-dd501fb93dc3,2018-08-14T00:35:40.986000Z,ETH-USD,1.00000000,270.95000000,sell
match,38722559,4664743461,760e1f73-b209-4247-9bf3-61e320068492,008a48c3-e7d0-46ef-9f32-6d34e7c48804,2018-08-14T00:35:41.225000Z,ETH-USD,1.43260763,270.95000000,sell
match,38722560,4664743463,be2bf35e-8711-4893-8e99-655f1694c370,008a48c3-e7d0-46ef-9f32-6d34e7c48804,2018-08-14T00:35:41.225000Z,ETH-USD,0.07425800,270.95000000,sell
match,38722561,4664743465,e04bccde-d00a-404e-af4d-a372151327ba,008a48c3-e7d0-46ef-9f32-6d34e7c48804,2018-08-14T00:35:41.225000Z,ETH-USD,16.59534856,270.96000000,sell
match,38722562,4664743724,b05e853b-0661-44d4-9aa0-594df89f4931,4de8a581-47d0-4f05-aa79-7bbfdd5e8bd3,2018-08-14T00:35:42.212000Z,ETH-USD,0.27851347,270.70000000,buy
match,38722563,4664743863,f1d74c4a-1d09-4ab0-ad72-9732ff8b7c91,cf5f6b13-b8dd-4c6c-8c97-18bcc8b65be3,2018-08-14T00:35:43.091000Z,ETH-USD,0.73596292,270.94000000,sell
match,38722564,4664743902,f1d74c4a-1d09-4ab0-ad72-9732ff8b7c91,b6bebda4-10e1-4f71-b229-b495419bd876,2018-08-14T00:35:43.387000Z,ETH-USD,0.03861784,270.94000000,sell
match,38722565,4664744297,675eba33-30b6-4685-bd85-96c0ac2345ec,0cd944a8-04a8-4c0d-9d2a-3340de8cb587,2018-08-14T00:35:45.260000Z,ETH-USD,1.58000000,270.71000000,buy
match,38722566,4664744299,b05e853b-0661-44d4-9aa0-594df89f4931,0cd944a8-04a8-4c0d-9d2a-3340de8cb587,2018-08-14T00:35:45.260000Z,ETH-USD,8.42000000,270.70000000,buy
match,38722567,4664744616,73e2dcf3-88e2-4bfe-93a1-4a4942dfe04c,b4a91ee7-e588-41c5-948a-a8eae17b80f8,2018-08-14T00:35:47.134000Z,ETH-USD,0.17640748,270.71000000,sell
match,38722568,4664744852,73e2dcf3-88e2-4bfe-93a1-4a4942dfe04c,5a637ec9-8705-4fe6-a4db-9ed128fe3d3e,2018-08-14T00:35:48.807000Z,ETH-USD,0.82359252,270.71000000,sell
match,38722569,4664744854,f229cfb0-5915-47e8-b03a-a615d9a7d4b1,5a637ec9-8705-4fe6-a4db-9ed128fe3d3e,2018-08-14T00:35:48.807000Z,ETH-USD,0.05927860,270.71000000,sell
match,38722570,4664744930,f229cfb0-5915-47e8-b03a-a615d9a7d4b1,acf97b4e-e482-4f17-9a4a-f93ff9d27ea9,2018-08-14T00:35:49.315000Z,ETH-USD,0.72349087,270.71000000,sell
match,38722571,4664745077,1f76a960-31f9-42a9-b55c-5a818fa52ed5,ac63d26c-6779-4907-b838-6afe0d8ee8eb,2018-08-14T00:35:50.518000Z,ETH-USD,0.01200000,270.70000000,buy
match,38722572,4664745079,009b1586-d424-45cc-847b-8f14c97a8351,ac63d26c-6779-4907-b838-6afe0d8ee8eb,2018-08-14T00:35:50.518000Z,ETH-USD,0.01021000,270.70000000,buy
match,38722573,4664745081,f2239bbb-4466-4421-b2ef-fe58d5aa7e46,ac63d26c-6779-4907-b838-6afe0d8ee8eb,2018-08-14T00:35:50.518000Z,ETH-USD,0.02585793,270.70000000,buy
match,38722574,4664745083,c49e44d3-1781-4867-9cb9-f3b09e73287e,ac63d26c-6779-4907-b838-6afe0d8ee8eb,2018-08-14T00:35:50.518000Z,ETH-USD,0.00999207,270.70000000,buy
match,38722575,4664745124,c49e44d3-1781-4867-9cb9-f3b09e73287e,6c527195-c2f7-4af3-8867-84f83b02b651,2018-08-14T00:35:50.701000Z,ETH-USD,0.00000793,270.70000000,buy
match,38722576,4664745297,3b6cf956-ea65-4b2b-a045-41c1f4148fd8,dc9fa53d-c22b-4279-a5b4-09bf3d3883cf,2018-08-14T00:35:51.358000Z,ETH-USD,10.00000000,270.59000000,buy
match,38722577,4664745554,c992f8c2-689f-4e80-a562-8934dc833788,ecc84aad-0716-4114-8d55-4c22a28c981a,2018-08-14T00:35:52.379000Z,ETH-USD,0.07520000,270.57000000,buy
match,38722578,4664745556,4fc34829-536d-45fd-866a-cfb1e9ed03cd,ecc84aad-0716-4114-8d55-4c22a28c981a,2018-08-14T00:35:52.379000Z,ETH-USD,9.23908670,270.57000000,buy
match,38722579,4664745558,3aed816a-fa51-4138-a516-ffc7cf57cbc4,ecc84aad-0716-4114-8d55-4c22a28c981a,2018-08-14T00:35:52.379000Z,ETH-USD,0.01031330,270.57000000,buy
match,38722580,4664745578,c1ebf51e-7a91-479b-a83e-e75830e89121,97fd1310-9376-4300-bbfd-37cc897fbf1d,2018-08-14T00:35:52.445000Z,ETH-USD,0.72349087,270.58000000,sell
match,38722581,4664745636,3aed816a-fa51-4138-a516-ffc7cf57cbc4,4cd91db2-764e-4248-b83d-0a4d3c5bcfa0,2018-08-14T00:35:52.720000Z,ETH-USD,0.00009670,270.57000000,buy
match,38722582,4664745638,2f5bcd32-023c-4276-99d4-fea11291c350,4cd91db2-764e-4248-b83d-0a4d3c5bcfa0,2018-08-14T00:35:52.720000Z,ETH-USD,0.14030000,270.55000000,buy
match,38722583,4664745640,999c00f8-6762-46ef-aca8-e9cf85966a92,4cd91db2-764e-4248-b83d-0a4d3c5bcfa0,2018-08-14T00:35:52.720000Z,ETH-USD,3.30000000,270.51000000,buy
match,38722584,4664745642,d173d65b-e360-4cca-b001-d21893c9e138,4cd91db2-764e-4248-b83d-0a4d3c5bcfa0,2018-08-14T00:35:52.720000Z,ETH-USD,7.11542465,270.51000000,buy
match,38722585,4664745811,d173d65b-e360-4cca-b001-d21893c9e138,bbfc9821-b81e-4076-a110-0fe3dae737fe,2018-08-14T00:35:53.228000Z,ETH-USD,12.88457535,270.51000000,buy
match,38722586,4664745813,4e28a746-e98d-41d2-ad39-5df6a1ac4af0,bbfc9821-b81e-4076-a110-0fe3dae737fe,2018-08-14T00:35:53.228000Z,ETH-USD,0.01012465,270.51000000,buy
match,38722587,4664745849,4e28a746-e98d-41d2-ad39-5df6a1ac4af0,3eda9d3f-6637-4099-bac6-e0da07c46533,2018-08-14T00:35:53.327000Z,ETH-USD,0.00014535,270.51000000,buy
match,38722588,4664745851,5672960f-33ab-4d60-8a9b-b4cbc693360f,3eda9d3f-6637-4099-bac6-e0da07c46533,2018-08-14T00:35:53.327000Z,ETH-USD,1.01985465,270.43000000,buy
match,38722589,4664745860,5672960f-33ab-4d60-8a9b-b4cbc693360f,257574ca-eadf-4cfa-9c7b-71fc22f1a0f8,2018-08-14T00:35:53.335000Z,ETH-USD,0.00014535,270.43000000,buy
match,38722590,4664745862,1a3a97ff-43d3-4e7d-86e0-1d3b700ad997,257574ca-eadf-4cfa-9c7b-71fc22f1a0f8,2018-08-14T00:35:53.335000Z,ETH-USD,0.18489756,270.42000000,buy
match,38722591,4664745864,363fd3a6-c57d-42fd-a9b9-cb3691fd8db4,257574ca-eadf-4cfa-9c7b-71fc22f1a0f8,2018-08-14T00:35:53.335000Z,ETH-USD,0.10000000,270.42000000,buy
match,38722592,4664745866,4d5b3a55-b637-4c52-befd-52655348f834,257574ca-eadf-4cfa-9c7b-71fc22f1a0f8,2018-08-14T00:35:53.335000Z,ETH-USD,4.99975709,270.42000000,buy
match,38722593,4664745901,4d5b3a55-b637-4c52-befd-52655348f834,10383e54-4d3c-4b54-93ac-78409af0493b,2018-08-14T00:35:53.376000Z,ETH-USD,0.00024291,270.42000000,buy
match,38722594,4664745903,ca44b687-82b9-41e1-acbb-ba0b1fc35424,10383e54-4d3c-4b54-93ac-78409af0493b,2018-08-14T00:35:53.376000Z,ETH-USD,0.05000000,270.40000000,buy
match,38722595,4664745905,c403bcce-a855-4ba6-8532-eaa280c4e64b,10383e54-4d3c-4b54-93ac-78409af0493b,2018-08-14T00:35:53.376000Z,ETH-USD,3.29975709,270.40000000,buy
match,38722596,4664745913,c403bcce-a855-4ba6-8532-eaa280c4e64b,752d3b89-147e-4c91-b078-5536a8c564fd,2018-08-14T00:35:53.388000Z,ETH-USD,0.00024291,270.40000000,buy
match,38722597,4664745915,7fffe407-9192-4132-aad9-6ca3face9659,752d3b89-147e-4c91-b078-5536a8c564fd,2018-08-14T00:35:53.388000Z,ETH-USD,16.38891970,270.39000000,buy
match,38722598,4664745917,bf1ace05-b0ce-4f78-8459-c91caaf5e989,752d3b89-147e-4c91-b078-5536a8c564fd,2018-08-14T00:35:53.388000Z,ETH-USD,0.14003739,270.39000000,buy
match,38722599,4664746223,2eb49df5-9593-4ccf-9b7a-9e4f4fab1518,c738860c-0ddb-4955-ae37-7e2b536674f5,2018-08-14T00:35:54.902000Z,ETH-USD,1.00000000,270.40000000,sell
match,38722600,4664746227,bf1ace05-b0ce-4f78-8459-c91caaf5e989,20ba97ca-1938-4e0d-8549-a1b02fe431bf,2018-08-14T00:35:54.903000Z,ETH-USD,0.00026261,270.39000000,buy
match,38722601,4664746229,e83d13ab-d9c9-47c3-881e-07ff3d7160f3,20ba97ca-1938-4e0d-8549-a1b02fe431bf,2018-08-14T00:35:54.903000Z,ETH-USD,0.01088000,270.39000000,buy
match,38722602,4664746231,72fc79db-6aae-418c-94c6-e648aa566b08,20ba97ca-1938-4e0d-8549-a1b02fe431bf,2018-08-14T00:35:54.903000Z,ETH-USD,3.30000000,270.39000000,buy
match,38722603,4664746233,74ef3501-50d4-46cc-8d5c-93b1c7d82e03,20ba97ca-1938-4e0d-8549-a1b02fe431bf,2018-08-14T00:35:54.903000Z,ETH-USD,0.07520000,270.37000000,buy
match,38722604,4664746235,61eb66ad-4549-4852-a931-03e6946056f4,20ba97ca-1938-4e0d-8549-a1b02fe431bf,2018-08-14T00:35:54.903000Z,ETH-USD,0.04770000,270.36000000,buy
match,38722605,4664746237,b4068668-c1bc-431a-a3f4-3c3295834289,20ba97ca-1938-4e0d-8549-a1b02fe431bf,2018-08-14T00:35:54.903000Z,ETH-USD,0.07260000,270.35000000,buy
match,38722606,4664746239,178defff-7c97-4772-b020-c63ea01c610c,20ba97ca-1938-4e0d-8549-a1b02fe431bf,2018-08-14T00:35:54.903000Z,ETH-USD,3.49335739,270.33000000,buy
match,38722607,4664746404,178defff-7c97-4772-b020-c63ea01c610c,9bd39842-9c02-4373-8bf5-f987aa057afe,2018-08-14T00:35:56.624000Z,ETH-USD,1.50664261,270.33000000,buy
match,38722608,4664746406,39fcdccc-0988-493e-afdc-724bf9645db2,9bd39842-9c02-4373-8bf5-f987aa057afe,2018-08-14T00:35:56.624000Z,ETH-USD,10.00000000,270.33000000,buy
match,38722609,4664746408,fc88a213-74af-4370-811e-ac98c5888fa3,9bd39842-9c02-4373-8bf5-f987aa057afe,2018-08-14T00:35:56.624000Z,ETH-USD,3.30000000,270.33000000,buy
match,38722610,4664746410,cc0f3851-ed01-4df9-92fb-141326124392,9bd39842-9c02-4373-8bf5-f987aa057afe,2018-08-14T00:35:56.624000Z,ETH-USD,0.72349091,270.33000000,buy
match,38722611,4664746412,5544a447-5158-4961-b743-28dee5674234,9bd39842-9c02-4373-8bf5-f987aa057afe,2018-08-14T00:35:56.624000Z,ETH-USD,20.00000000,270.33000000,buy
match,38722612,4664746414,b1308132-8fb0-4775-a438-97f9ac55d06c,9bd39842-9c02-4373-8bf5-f987aa057afe,2018-08-14T00:35:56.624000Z,ETH-USD,2.00000000,270.33000000,buy
match,38722613,4664746416,46a37ad6-371e-476b-81ab-c78624393f18,9bd39842-9c02-4373-8bf5-f987aa057afe,2018-08-14T00:35:56.624000Z,ETH-USD,11.57526588,270.33000000,buy
match,38722614,4664746504,65faafab-be3a-4108-b62b-409cbcc2e687,4476be63-753d-49b2-8e7e-ca4bb3981bd1,2018-08-14T00:35:57.493000Z,ETH-USD,0.24499262,270.34000000,sell
match,38722615,4664746570,65faafab-be3a-4108-b62b-409cbcc2e687,d58afe70-1643-46e4-b179-6c49cc6a6db9,2018-08-14T00:35:58.284000Z,ETH-USD,0.75500738,270.34000000,sell
match,38722616,4664746572,bb5b49d8-d783-4aef-858e-42ab68dae098,d58afe70-1643-46e4-b179-6c49cc6a6db9,2018-08-14T00:35:58.284000Z,ETH-USD,2.86544281,270.34000000,sell
match,38722617,4664746618,bb5b49d8-d783-4aef-858e-42ab68dae098,2c3648b4-1950-46d4-a52a-506363b4eada,2018-08-14T00:35:59.037000Z,ETH-USD,0.72349087,270.34000000,sell
match,38722618,4664746654,bb5b49d8-d783-4aef-858e-42ab68dae098,a2022698-5204-48ae-8866-8885e2995559,2018-08-14T00:35:59.408000Z,ETH-USD,2.00000000,270.34000000,sell
match,38722619,4664746668,bb5b49d8-d783-4aef-858e-42ab68dae098,eda3488b-b5ec-4629-a417-cd47d4e34e2c,2018-08-14T00:35:59.675000Z,ETH-USD,0.82615365,270.34000000,sell
match,38722620,4664746670,ab07e49a-bbb1-41c1-9630-baef68f8354d,eda3488b-b5ec-4629-a417-cd47d4e34e2c,2018-08-14T00:35:59.675000Z,ETH-USD,8.60084635,270.34000000,sell
match,38722621,4664746843,ab07e49a-bbb1-41c1-9630-baef68f8354d,81c81da5-9a8e-4ed7-b736-4ab2c8d48b4c,2018-08-14T00:36:01.319000Z,ETH-USD,0.00119852,270.34000000,sell
match,38722622,4664746845,76e8c404-2168-43a6-8b79-b1e671f646fd,81c81da5-9a8e-4ed7-b736-4ab2c8d48b4c,2018-08-14T00:36:01.319000Z,ETH-USD,16.92880148,270.34000000,sell
match,38722623,4664746869,76e8c404-2168-43a6-8b79-b1e671f646fd,35d45fbb-281d-4694-9d61-a107ed4defdb,2018-08-14T00:36:01.386000Z,ETH-USD,0.00069021,270.34000000,sell
match,38722624,4664746871,baf1bdf9-4db1-4820-b38d-4046996a5a41,35d45fbb-281d-4694-9d61-a107ed4defdb,2018-08-14T00:36:01.386000Z,ETH-USD,0.50000000,270.72000000,sell
match,38722625,4664746873,54fc248d-b627-4423-9f9b-3683f467df0b,35d45fbb-281d-4694-9d61-a107ed4defdb,2018-08-14T00:36:01.386000Z,ETH-USD,0.01000000,270.85000000,sell
match,38722626,4664746875,665bc9b6-cd71-4dcb-b0b9-54b96c9b4ba4,35d45fbb-281d-4694-9d61-a107ed4defdb,2018-08-14T00:36:01.386000Z,ETH-USD,19.00000000,270.87000000,sell
match,38722627,4664746877,019ed7d9-eb57-4056-b1df-b450765b424c,35d45fbb-281d-4694-9d61-a107ed4defdb,2018-08-14T00:36:01.386000Z,ETH-USD,0.17818766,270.96000000,sell
match,38722628,4664746879,0b0e4354-87aa-4ca4-a9ae-ebd4d15b1208,35d45fbb-281d-4694-9d61-a107ed4defdb,2018-08-14T00:36:01.386000Z,ETH-USD,2.00000000,270.97000000,sell
match,38722629,4664746881,1eb8533d-b976-436b-8c2c-a1ada7a9262a,35d45fbb-281d-4694-9d61-a107ed4defdb,2018-08-14T00:36:01.386000Z,ETH-USD,0.11000000,270.98000000,sell
match,38722630,4664746883,3ebc274c-dbba-4e2c-a6d3-22ddef4cd738,35d45fbb-281d-4694-9d61-a107ed4defdb,2018-08-14T00:36:01.386000Z,ETH-USD,6.00000000,270.98000000,sell
match,38722631,4664746885,b26201c3-6c0f-4bc5-b13c-1f26e4f25bab,35d45fbb-281d-4694-9d61-a107ed4defdb,2018-08-14T00:36:01.386000Z,ETH-USD,0.53116445,270.99000000,sell
match,38722632,4664747146,0aa86d05-1321-4d4a-b1dc-8926019ae91e,059d16bb-d048-4bff-9738-fc0b9b63f1be,2018-08-14T00:36:02.367000Z,ETH-USD,11.90750000,270.71000000,buy
match,38722633,4664747169,f32a8c13-a084-4501-91bd-85ae2cf68120,03209f31-92d3-48c9-b413-64f91890711b,2018-08-14T00:36:02.416000Z,ETH-USD,2.00000000,270.71000000,sell
match,38722634,4664747232,d693203c-094f-47e6-b6cc-c4003a8d6b32,088bd7b6-2a4c-44fc-89b9-f83a9c983e5d,2018-08-14T00:36:02.742000Z,ETH-USD,10.00000000,270.59000000,buy
match,38722635,4664747920,3d839db8-bbec-4208-82d4-8412aa5b8983,a0994a5e-700c-451b-8571-83fe891f868f,2018-08-14T00:36:05.854000Z,ETH-USD,3.41020000,270.60000000,sell
match,38722636,4664748160,2c7e6317-6c56-45c0-bced-bacb258cd7a5,e0e8fb84-10a8-4091-b5b3-800df537157f,2018-08-14T00:36:06.886000Z,ETH-USD,3.53570551,270.59000000,buy
match,38722637,4664748581,6ea0f035-a780-4950-bbcc-025a90186cb1,8f96a26d-8c58-4805-afae-ddb5e71b418f,2018-08-14T00:36:08.818000Z,ETH-USD,0.02110000,270.58000000,buy
match,38722638,4664748583,27fec441-0edd-46fa-9e16-a004eb7a6ed3,8f96a26d-8c58-4805-afae-ddb5e71b418f,2018-08-14T00:36:08.818000Z,ETH-USD,5.00000000,270.58000000,buy
match,38722639,4664748597,4e958a15-8fc2-4c76-9dcd-0bdc510cb635,36504e53-2cf3-45eb-b289-9f1d143c36e9,2018-08-14T00:36:08.851000Z,ETH-USD,1.60000000,270.58000000,buy
match,38722640,4664749407,13380c91-bd1b-40e3-9215-4574d511a8fa,b39c9869-5b25-4f0c-84b0-cd0b83f1cf8e,2018-08-14T00:36:10.594000Z,ETH-USD,1.48000000,270.33000000,buy
match,38722641,4664749409,1d5b781a-33f4-42cf-b532-b8aabdae16f0,b39c9869-5b25-4f0c-84b0-cd0b83f1cf8e,2018-08-14T00:36:10.594000Z,ETH-USD,0.01030000,270.33000000,buy
match,38722642,4664749556,7a3fb1a4-dcea-4f73-89c0-e37fea8daeda,b74b9b7e-90f6-46ed-9fc5-60a50e0874cf,2018-08-14T00:36:10.988000Z,ETH-USD,0.07443400,270.31000000,buy
match,38722643,4664749558,36be69af-b67b-455d-a6f4-62c16f02eec8,b74b9b7e-90f6-46ed-9fc5-60a50e0874cf,2018-08-14T00:36:10.988000Z,ETH-USD,19.99999600,270.31000000,buy
match,38722644,4664749567,36be69af-b67b-455d-a6f4-62c16f02eec8,8009ea5b-be42-463a-ae07-5cb758bd2799,2018-08-14T00:36:11.013000Z,ETH-USD,0.00000400,270.31000000,buy
match,38722645,4664749569,d2b52543-a795-424a-92c2-5e6d12cc93f2,8009ea5b-be42-463a-ae07-5cb758bd2799,2018-08-14T00:36:11.013000Z,ETH-USD,0.02649369,270.30000000,buy
match,38722646,4664749571,e5e9be40-62a1-4f16-badf-2408bf989039,8009ea5b-be42-463a-ae07-5cb758bd2799,2018-08-14T00:36:11.013000Z,ETH-USD,15.97350231,270.30000000,buy
match,38722647,4664749661,e5e9be40-62a1-4f16-badf-2408bf989039,e9ada76f-d802-4171-8b63-18425cf81082,2018-08-14T00:36:11.387000Z,ETH-USD,17.00000000,270.30000000,buy
match,38722648,4664749869,67ce2a61-3df1-42b6-aa31-3f50be82d7b4,d9f9c55f-fa1f-4390-bc83-ebdc3a66cc04,2018-08-14T00:36:12.292000Z,ETH-USD,1.00000000,270.31000000,sell
match,38722649,4664749871,88805211-83d3-4e11-b057-e19afe3fad43,d9f9c55f-fa1f-4390-bc83-ebdc3a66cc04,2018-08-14T00:36:12.292000Z,ETH-USD,0.45065160,270.31000000,sell
match,38722650,4664749995,e5e9be40-62a1-4f16-badf-2408bf989039,98283cf6-469c-4e73-8bc1-cdb98b63ca26,2018-08-14T00:36:12.939000Z,ETH-USD,2.00000000,270.30000000,buy
match,38722651,4664750352,631f9e8e-66f2-4e8a-96b8-2d9b6cccca96,b3a9d433-2b4e-4d82-ade1-2823fa5eb89d,2018-08-14T00:36:14.373000Z,ETH-USD,1.95110855,270.31000000,sell
match,38722652,4664750432,e5e9be40-62a1-4f16-badf-2408bf989039,dd2d352b-0766-4f38-82c9-0462c07c6532,2018-08-14T00:36:14.762000Z,ETH-USD,6.00000000,270.30000000,buy
match,38722653,4664750465,631f9e8e-66f2-4e8a-96b8-2d9b6cccca96,c9770fe4-c47a-491b-a1a2-2c21b67a6482,2018-08-14T00:36:14.845000Z,ETH-USD,0.46747840,270.31000000,sell
match,38722654,4664750617,631f9e8e-66f2-4e8a-96b8-2d9b6cccca96,4203eb7c-9b03-4b52-bd22-0bf7a0ecffde,2018-08-14T00:36:15.586000Z,ETH-USD,5.01145232,270.31000000,sell
match,38722655,4664750753,e5e9be40-62a1-4f16-badf-2408bf989039,5fdc8f86-0500-4891-a1c5-4f1b02468b0f,2018-08-14T00:36:16.235000Z,ETH-USD,8.62010000,270.30000000,buy
match,38722656,4664750978,631f9e8e-66f2-4e8a-96b8-2d9b6cccca96,3f55fe69-01c6-4c01-8321-038eb546e949,2018-08-14T00:36:17.461000Z,ETH-USD,0.72884081,270.31000000,sell
match,38722657,4664751068,631f9e8e-66f2-4e8a-96b8-2d9b6cccca96,229aa821-a8ce-4f6e-b87a-01aefd90edc5,2018-08-14T00:36:17.723000Z,ETH-USD,1.00000000,270.31000000,sell
match,38722658,4664751321,e5e9be40-62a1-4f16-badf-2408bf989039,188c8b1a-857b-48a7-9fa7-88f8edc99c81,2018-08-14T00:36:18.892000Z,ETH-USD,50.40639769,270.30000000,buy
match,38722659,4664751323,da4cd6ee-0266-43a6-9ff8-c51205225701,188c8b1a-857b-48a7-9fa7-88f8edc99c81,2018-08-14T00:36:18.892000Z,ETH-USD,0.01064000,270.30000000,buy
match,38722660,4664751325,3b11097e-2d3c-4ed9-baf1-cd3adce201d9,188c8b1a-857b-48a7-9fa7-88f8edc99c81,2018-08-14T00:36:18.892000Z,ETH-USD,0.01200000,270.30000000,buy
match,38722661,4664751327,94091705-a3ff-41f3-88f1-14c10db34808,188c8b1a-857b-48a7-9fa7-88f8edc99c81,2018-08-14T00:36:18.892000Z,ETH-USD,0.50000000,270.30000000,buy
match,38722662,4664751329,2c6df571-2e09-443b-a173-4a031ac8e797,188c8b1a-857b-48a7-9fa7-88f8edc99c81,2018-08-14T00:36:18.892000Z,ETH-USD,2.27000000,270.30000000,buy
match,38722663,4664751331,34835bf5-d3c0-4b94-9637-eb1362f74293,188c8b1a-857b-48a7-9fa7-88f8edc99c81,2018-08-14T00:36:18.892000Z,ETH-USD,0.27000000,270.30000000,buy
match,38722664,4664751333,83a1f65c-278b-427e-bc98-81b64ebbde77,188c8b1a-857b-48a7-9fa7-88f8edc99c81,2018-08-14T00:36:18.892000Z,ETH-USD,0.86486231,270.26000000,buy
match,38722665,4664751391,83a1f65c-278b-427e-bc98-81b64ebbde77,108c157a-c4f0-4f2f-a899-05e3a397b1a2,2018-08-14T00:36:19.104000Z,ETH-USD,0.00018631,270.26000000,buy
match,38722666,4664751393,1fdea101-b34e-469a-85ed-40d43ef50a56,108c157a-c4f0-4f2f-a899-05e3a397b1a2,2018-08-14T00:36:19.104000Z,ETH-USD,4.99981369,270.26000000,buy
match,38722667,4664751398,1fdea101-b34e-469a-85ed-40d43ef50a56,c4d33b70-c5a7-416a-8d7b-7e0b47d03bdc,2018-08-14T00:36:19.112000Z,ETH-USD,1.00000000,270.26000000,buy
match,38722668,4664751416,1fdea101-b34e-469a-85ed-40d43ef50a56,ce3a8bc1-b0f3-476d-aad2-2be304b2c077,2018-08-14T00:36:19.148000Z,ETH-USD,16.11018631,270.26000000,buy
match,38722669,4664751418,aa082987-3195-4590-803d-a00edbf89468,ce3a8bc1-b0f3-476d-aad2-2be304b2c077,2018-08-14T00:36:19.148000Z,ETH-USD,0.01085000,270.26000000,buy
match,38722670,4664751730,3885b4ec-1c40-4a30-a33c-b95f756206ea,e4060c70-3b53-4066-a105-69b475a67be7,2018-08-14T00:36:20.282000Z,ETH-USD,1.00000000,270.23000000,sell
match,38722671,4664751732,0d33d08f-697c-44eb-8ae5-ec19b0804ed3,e4060c70-3b53-4066-a105-69b475a67be7,2018-08-14T00:36:20.282000Z,ETH-USD,2.64300000,270.23000000,sell
match,38722672,4664751739,0d33d08f-697c-44eb-8ae5-ec19b0804ed3,8ff04efe-2f79-438a-88fb-698c9f8a8f2f,2018-08-14T00:36:20.324000Z,ETH-USD,9.62860000,270.23000000,sell
match,38722673,4664751741,7f0c671c-1b15-4182-ad0b-6c291646ef51,8ff04efe-2f79-438a-88fb-698c9f8a8f2f,2018-08-14T00:36:20.324000Z,ETH-USD,4.75520685,270.23000000,sell
match,38722674,4664751755,e2961f77-9997-4ba4-aaad-c23e040d13b0,d6cc2e11-da92-4786-bd1d-77c3015ccfd8,2018-08-14T00:36:20.382000Z,ETH-USD,5.00000000,270.22000000,buy
match,38722675,4664751757,81911425-69b6-4120-ad66-4aba24f4cb79,d6cc2e11-da92-4786-bd1d-77c3015ccfd8,2018-08-14T00:36:20.382000Z,ETH-USD,0.01004000,270.22000000,buy
match,38722676,4664751759,e8ea8e46-19e7-488c-872a-798ad175050d,d6cc2e11-da92-4786-bd1d-77c3015ccfd8,2018-08-14T00:36:20.382000Z,ETH-USD,1.00000000,270.21000000,buy
match,38722677,4664751761,38f93c85-0830-44d6-81ef-fcef2b96e155,d6cc2e11-da92-4786-bd1d-77c3015ccfd8,2018-08-14T00:36:20.382000Z,ETH-USD,0.76000000,270.20000000,buy
match,38722678,4664751763,d8e5e3a2-fd26-427d-a6f0-8982dfc01284,d6cc2e11-da92-4786-bd1d-77c3015ccfd8,2018-08-14T00:36:20.382000Z,ETH-USD,0.79720486,270.20000000,buy
match,38722679,4664751882,d8e5e3a2-fd26-427d-a6f0-8982dfc01284,5b11d5c2-6da5-40af-8bf5-5ca2bd316bc3,2018-08-14T00:36:20.781000Z,ETH-USD,2.00000000,270.20000000,buy
match,38722680,4664752180,d8e5e3a2-fd26-427d-a6f0-8982dfc01284,d7e0b6b7-c879-4dfa-a043-3c51f5d58def,2018-08-14T00:36:22.295000Z,ETH-USD,1.20279514,270.20000000,buy
match,38722681,4664752182,17b1a925-2480-46ab-8f1f-933697e65a10,d7e0b6b7-c879-4dfa-a043-3c51f5d58def,2018-08-14T00:36:22.295000Z,ETH-USD,50.00000000,270.20000000,buy
match,38722682,4664752184,fd4f04a5-e276-4559-8312-8f4f19d19324,d7e0b6b7-c879-4dfa-a043-3c51f5d58def,2018-08-14T00:36:22.295000Z,ETH-USD,0.01058000,270.20000000,buy
match,38722683,4664752186,e498e4de-c145-420f-99ab-0f68b50ff4b8,d7e0b6b7-c879-4dfa-a043-3c51f5d58def,2018-08-14T00:36:22.295000Z,ETH-USD,0.21982486,270.20000000,buy
match,38722684,4664752200,e498e4de-c145-420f-99ab-0f68b50ff4b8,d78db714-1944-4416-bf1a-e72eae4c45ae,2018-08-14T00:36:22.328000Z,ETH-USD,0.00017514,270.20000000,buy
match,38722685,4664752202,77a42ac6-190c-4302-8f9f-5e8f61c0ceb3,d78db714-1944-4416-bf1a-e72eae4c45ae,2018-08-14T00:36:22.328000Z,ETH-USD,4.99982486,270.18000000,buy
match,38722686,4664752211,77a42ac6-190c-4302-8f9f-5e8f61c0ceb3,2f7ac585-9959-42e6-89ee-bf13dcb5c6d8,2018-08-14T00:36:22.342000Z,ETH-USD,0.00017514,270.18000000,buy
match,38722687,4664752213,f77624d9-da7b-4e54-a3c9-bb1a7a693b86,2f7ac585-9959-42e6-89ee-bf13dcb5c6d8,2018-08-14T00:36:22.342000Z,ETH-USD,0.07502486,270.17000000,buy
match,38722688,4664752395,f77624d9-da7b-4e54-a3c9-bb1a7a693b86,4eda6db3-62ce-4b13-971a-217c25979fab,2018-08-14T00:36:22.831000Z,ETH-USD,0.00017514,270.17000000,buy
match,38722689,4664752397,7b57d5e5-f702-46b1-8c16-e3c6876bc65d,4eda6db3-62ce-4b13-971a-217c25979fab,2018-08-14T00:36:22.831000Z,ETH-USD,0.01019000,270.17000000,buy
match,38722690,4664752399,df556a80-6b04-4662-a44e-4910ae9a4db2,4eda6db3-62ce-4b13-971a-217c25979fab,2018-08-14T00:36:22.831000Z,ETH-USD,1.00000000,270.15000000,buy
match,38722691,4664752401,3c50fc32-3acd-44cb-9a1c-8893bd39de82,4eda6db3-62ce-4b13-971a-217c25979fab,2018-08-14T00:36:22.831000Z,ETH-USD,1.00536738,270.15000000,buy
