type,time,product_id,sequence,order_id,funds,size,price,side,order_type
match,48779885,6585339047,07fd9eda-27f0-4d1c-aeae-bd4e3db3a7de,c2de3465-5275-4087-bbfe-2a5ef7a456d6,2018-08-14T00:33:15.223000Z,BTC-USD,0.00449330,6202.71000000,sell
match,48779886,6585339142,c547fb0b-f0db-4466-b009-dc10bf214e62,a2549eac-3f19-47af-babe-c35293b2ac8d,2018-08-14T00:33:15.673000Z,BTC-USD,0.00463000,6202.70000000,buy
match,48779887,6585339333,c547fb0b-f0db-4466-b009-dc10bf214e62,718d53c2-8f51-41a6-adcb-ca9846057be0,2018-08-14T00:33:16.194000Z,BTC-USD,0.00534541,6202.70000000,buy
match,48779888,6585339335,3ce02706-4a69-4ead-8567-626eaab99b69,718d53c2-8f51-41a6-adcb-ca9846057be0,2018-08-14T00:33:16.194000Z,BTC-USD,0.00660188,6202.70000000,buy
match,48779889,6585339337,963c9c29-cc5d-49c8-bf2c-cf73ba6cd028,718d53c2-8f51-41a6-adcb-ca9846057be0,2018-08-14T00:33:16.194000Z,BTC-USD,0.23805271,6202.70000000,buy
match,48779890,6585339638,963c9c29-cc5d-49c8-bf2c-cf73ba6cd028,4a4f3e13-c303-4940-a887-20dddeb44ccf,2018-08-14T00:33:17.879000Z,BTC-USD,0.18350000,6202.70000000,buy
match,48779891,6585339963,07fd9eda-27f0-4d1c-aeae-bd4e3db3a7de,0b101fc0-beb7-4585-9204-b0faa1a877f5,2018-08-14T00:33:19.386000Z,BTC-USD,0.15806283,6202.71000000,sell
match,48779892,6585340181,963c9c29-cc5d-49c8-bf2c-cf73ba6cd028,fcfad717-14b1-44a2-baff-d0658417055c,2018-08-14T00:33:20.210000Z,BTC-USD,0.00463000,6202.70000000,buy
match,48779893,6585341465,07fd9eda-27f0-4d1c-aeae-bd4e3db3a7de,04006d54-0ab0-4636-bf93-11f806d3e29b,2018-08-14T00:33:26.042000Z,BTC-USD,0.01620380,6202.71000000,sell
match,48779894,6585341734,963c9c29-cc5d-49c8-bf2c-cf73ba6cd028,599ceaac-d8c6-44e7-9d9f-8de87204a8c5,2018-08-14T00:33:27.231000Z,BTC-USD,0.41381729,6202.70000000,buy
match,48779895,6585341736,14bef62a-b7c3-4a37-9b4e-d749cb2b393b,599ceaac-d8c6-44e7-9d9f-8de87204a8c5,2018-08-14T00:33:27.231000Z,BTC-USD,0.06629209,6202.70000000,buy
match,48779896,6585341748,07fd9eda-27f0-4d1c-aeae-bd4e3db3a7de,fbd0ddea-15eb-4f36-8e76-02ced1bf2287,2018-08-14T00:33:27.307000Z,BTC-USD,0.01074959,6202.71000000,sell
match,48779897,6585342153,14bef62a-b7c3-4a37-9b4e-d749cb2b393b,f4881e45-5f1c-43d4-a289-4df4b48861b4,2018-08-14T00:33:29.097000Z,BTC-USD,0.04570803,6202.70000000,buy
match,48779898,6585342164,14bef62a-b7c3-4a37-9b4e-d749cb2b393b,80eb9d53-9a14-4dc3-8b63-9a7facae3a56,2018-08-14T00:33:29.122000Z,BTC-USD,0.00590000,6202.70000000,buy
match,48779899,6585342281,07fd9eda-27f0-4d1c-aeae-bd4e3db3a7de,12cc0c8a-e8c4-4ba4-b2f0-9f13d21579ba,2018-08-14T00:33:29.712000Z,BTC-USD,0.04500000,6202.71000000,sell
match,48779900,6585342445,07fd9eda-27f0-4d1c-aeae-bd4e3db3a7de,345dea7f-5362-4b19-89dd-e9dd99df6b69,2018-08-14T00:33:30.079000Z,BTC-USD,0.08036882,6202.71000000,sell
match,48779901,6585342562,07fd9eda-27f0-4d1c-aeae-bd4e3db3a7de,d6a51ed3-b306-4d4c-afa6-3d4268438004,2018-08-14T00:33:30.764000Z,BTC-USD,0.00320836,6202.71000000,sell
match,48779902,6585342706,07fd9eda-27f0-4d1c-aeae-bd4e3db3a7de,21b6fdb7-c37a-41b3-9cbe-dd9f306a6041,2018-08-14T00:33:31.386000Z,BTC-USD,0.01010792,6202.71000000,sell
match,48779903,6585343453,14bef62a-b7c3-4a37-9b4e-d749cb2b393b,59741599-aac4-4d15-845d-bcabf7bb936b,2018-08-14T00:33:34.658000Z,BTC-USD,0.09308133,6202.70000000,buy
match,48779904,6585343546,07fd9eda-27f0-4d1c-aeae-bd4e3db3a7de,524c5ee7-1658-4a99-9494-b96b336eee64,2018-08-14T00:33:34.975000Z,BTC-USD,0.29775419,6202.71000000,sell
match,48779905,6585343548,3721f08f-8768-4bb1-a538-23414ef6aa64,524c5ee7-1658-4a99-9494-b96b336eee64,2018-08-14T00:33:34.975000Z,BTC-USD,0.02315000,6202.71000000,sell
match,48779906,6585343550,862a6cc6-06e1-43ab-9a2e-a85769c6b885,524c5ee7-1658-4a99-9494-b96b336eee64,2018-08-14T00:33:34.975000Z,BTC-USD,0.01000000,6202.71000000,sell
match,48779907,6585343552,819dd9ac-75c4-498f-8d3f-d9e7d0690fbf,524c5ee7-1658-4a99-9494-b96b336eee64,2018-08-14T00:33:34.975000Z,BTC-USD,0.01000000,6202.71000000,sell
match,48779908,6585343554,87e5790b-8d1e-4de0-aecc-361b4bc5f7c7,524c5ee7-1658-4a99-9494-b96b336eee64,2018-08-14T00:33:34.975000Z,BTC-USD,0.00111000,6202.71000000,sell
match,48779909,6585343556,491bb4bc-14ef-4952-9eb0-98d6e4467b11,524c5ee7-1658-4a99-9494-b96b336eee64,2018-08-14T00:33:34.975000Z,BTC-USD,0.00268820,6202.71000000,sell
match,48779910,6585343558,e0bc8d82-3165-4f7d-ae91-3591301a5886,524c5ee7-1658-4a99-9494-b96b336eee64,2018-08-14T00:33:34.975000Z,BTC-USD,0.01000000,6202.71000000,sell
match,48779911,6585343560,78c43d26-df84-4790-af95-b15f90e520a6,524c5ee7-1658-4a99-9494-b96b336eee64,2018-08-14T00:33:34.975000Z,BTC-USD,0.01100000,6202.76000000,sell
match,48779912,6585343621,19d1a84e-a0c6-4c4d-a133-2b6836c87551,cc021b38-aa45-430f-973d-84b0913fa87c,2018-08-14T00:33:35.033000Z,BTC-USD,0.01100000,6202.92000000,sell
match,48779913,6585343682,9531235c-4dd1-47fc-aa0e-dd1f47491a2e,58830ce8-57f7-4038-b4b8-d30fdb790969,2018-08-14T00:33:35.091000Z,BTC-USD,0.00100000,6203.12000000,sell
match,48779914,6585343760,2e8117bd-3f48-40aa-a0f2-f4243f06072d,2a10b442-bc08-441a-bd7d-f810d6060ade,2018-08-14T00:33:35.277000Z,BTC-USD,0.00100000,6203.15000000,sell
match,48779915,6585343809,3a5c631b-4947-43df-9230-505e7777b0ba,0eb264df-3a8e-4919-8114-62e5e747b475,2018-08-14T00:33:35.353000Z,BTC-USD,0.01100000,6203.20000000,sell
match,48779916,6585343882,653966d0-9e17-496a-890f-e39aba7ad203,3f6ae069-e191-4cc9-a48c-a863fb2a5696,2018-08-14T00:33:35.505000Z,BTC-USD,0.02315000,6203.28000000,buy
match,48779917,6585343909,c1f7632e-a4ae-4b01-9ae4-758889a4d4d1,cdc1ea6b-f90a-427c-b7f1-12aa596c7236,2018-08-14T00:33:35.516000Z,BTC-USD,0.00100000,6203.29000000,sell
match,48779918,6585344093,7565696d-4d40-4b04-9e01-95c765b36375,63b9b218-26ae-4a6a-bf88-a6064f71d467,2018-08-14T00:33:35.961000Z,BTC-USD,0.01100000,6203.44000000,sell
match,48779919,6585344095,382b71a8-58eb-4421-9cab-fc9dd55e7752,63b9b218-26ae-4a6a-bf88-a6064f71d467,2018-08-14T00:33:35.961000Z,BTC-USD,0.00192000,6203.44000000,sell
match,48779920,6585344181,93d22b04-6a7c-457b-9f7f-6b879af9878f,791dd9dd-34ff-43bd-8ffa-9dd54ca6a26a,2018-08-14T00:33:36.039000Z,BTC-USD,0.00100000,6203.54000000,sell
match,48779921,6585344583,64015472-8b7b-4529-8e1c-d77a2dbda989,aaf0a701-071a-4efc-9953-31ca74ae6455,2018-08-14T00:33:36.663000Z,BTC-USD,0.00100000,6203.89000000,sell
match,48779922,6585344585,4c79edb9-52ea-4931-9ed9-996e6b9230af,aaf0a701-071a-4efc-9953-31ca74ae6455,2018-08-14T00:33:36.663000Z,BTC-USD,0.00152000,6203.89000000,sell
match,48779923,6585344703,9ce996b6-294c-4da1-90b8-53a497211185,337de8e1-7418-431d-92ad-7ace392879c2,2018-08-14T00:33:36.804000Z,BTC-USD,0.00100000,6204.40000000,sell
match,48779924,6585345968,74f903d0-1484-4ca9-b7f5-121c291de5ed,6d08e2e0-6796-4773-9909-00df3fd7a7c3,2018-08-14T00:33:40.256000Z,BTC-USD,0.00100000,6205.13000000,sell
match,48779925,6585345970,ab4b6b94-fe36-4db3-8fe4-1d42155f98df,6d08e2e0-6796-4773-9909-00df3fd7a7c3,2018-08-14T00:33:40.256000Z,BTC-USD,0.00143000,6205.13000000,sell
match,48779926,6585345972,1b607541-9aa4-44f5-9f6b-4876d55562d4,6d08e2e0-6796-4773-9909-00df3fd7a7c3,2018-08-14T00:33:40.256000Z,BTC-USD,0.00445901,6205.13000000,sell
match,48779927,6585345974,95f9aecb-71b5-4195-a753-7686b1202fd8,6d08e2e0-6796-4773-9909-00df3fd7a7c3,2018-08-14T00:33:40.256000Z,BTC-USD,0.01100000,6205.33000000,sell
match,48779928,6585345976,a6760011-00f0-4e65-89e1-9517f7971226,6d08e2e0-6796-4773-9909-00df3fd7a7c3,2018-08-14T00:33:40.256000Z,BTC-USD,0.00100000,6206.17000000,sell
match,48779929,6585345978,319ecef8-9c02-4ee9-96d3-d6b40ef9d6f1,6d08e2e0-6796-4773-9909-00df3fd7a7c3,2018-08-14T00:33:40.256000Z,BTC-USD,0.00517526,6206.38000000,sell
match,48779930,6585346267,5ea66d6f-3f9d-416f-a0ea-671b023a7cc3,d3a9b2b2-1b29-494b-ab31-4dd7f56d1bbd,2018-08-14T00:33:40.649000Z,BTC-USD,0.30784966,6207.76000000,sell
match,48779931,6585347951,33fa4364-919d-4763-a3ad-662b12a02e7d,800380a4-d726-4f4b-8842-e92637c9e088,2018-08-14T00:33:43.913000Z,BTC-USD,0.00609748,6207.73000000,sell
match,48779932,6585348587,ececc576-7f47-4bf4-afe1-ad09aee02020,21ed073c-c494-4a5e-bb47-238dd2e4f8b5,2018-08-14T00:33:45.644000Z,BTC-USD,0.00200000,6207.70000000,buy
match,48779933,6585349390,e1f7f4ab-5b5e-4d41-9e85-a77ebaa889b9,e521fd55-94a1-4100-b028-983aaab15d36,2018-08-14T00:33:47.389000Z,BTC-USD,0.03948016,6205.22000000,sell
match,48779934,6585350527,8a4a065d-cad8-4e59-bfb8-ac835b30bd9a,a4e7ea5c-cec9-44fa-9743-804280d20bd1,2018-08-14T00:33:50.703000Z,BTC-USD,0.31578097,6204.69000000,sell
match,48779935,6585350730,63a938fb-4ac5-4d79-a463-9454fb8d8018,43ceadda-2e0d-457e-8af3-7b67dda552ee,2018-08-14T00:33:51.353000Z,BTC-USD,0.00100000,6204.68000000,buy
match,48779936,6585350732,4d85c3d9-a54b-49b3-aee2-1e5431cc7466,43ceadda-2e0d-457e-8af3-7b67dda552ee,2018-08-14T00:33:51.353000Z,BTC-USD,0.20000000,6204.68000000,buy
match,48779937,6585350734,1194fdfd-108e-437d-9fa8-2ccd26ac99f2,43ceadda-2e0d-457e-8af3-7b67dda552ee,2018-08-14T00:33:51.353000Z,BTC-USD,0.01000000,6203.44000000,buy
match,48779938,6585350736,d0cbee64-f6b4-4ddb-babc-0d500e4e761f,43ceadda-2e0d-457e-8af3-7b67dda552ee,2018-08-14T00:33:51.353000Z,BTC-USD,0.00300000,6202.70000000,buy
match,48779939,6585350738,56210425-d23b-47e5-8d6d-d700a77fa915,43ceadda-2e0d-457e-8af3-7b67dda552ee,2018-08-14T00:33:51.353000Z,BTC-USD,0.07940000,6202.70000000,buy
match,48779940,6585350850,460f8ac0-c0ce-422c-ae69-08e39ec37bca,4f391b93-6c20-4f02-98bd-81fbf3751d2c,2018-08-14T00:33:51.549000Z,BTC-USD,0.03082728,6204.66000000,sell
match,48779941,6585351356,55a52381-c657-4863-acd2-c5e45854ea1e,9d4f54f7-3145-4760-9038-2c747ef8dfff,2018-08-14T00:33:52.537000Z,BTC-USD,0.00376919,6202.96000000,sell
match,48779942,6585351623,0c6d1934-1a1b-4e79-9263-83b0e5176073,ca9bc9d6-6c29-41eb-a7b2-6253a49241d1,2018-08-14T00:33:53.304000Z,BTC-USD,0.24202575,6202.72000000,buy
match,48779943,6585352588,5531c0a3-9c4d-4489-9ec3-664693cd9c10,bed824ac-99ff-423b-83c9-0c0d5d49f37b,2018-08-14T00:33:56.056000Z,BTC-USD,0.01871031,6202.73000000,buy
match,48779944,6585353474,a4f28d4b-9e66-488e-9fc5-52964e13c5b9,afc3ef21-095f-4de0-afd0-494b6762db5b,2018-08-14T00:33:59.438000Z,BTC-USD,0.00609359,6202.76000000,sell
match,48779945,6585353766,a4f28d4b-9e66-488e-9fc5-52964e13c5b9,4d1dc098-fbd6-4f94-8458-f5250477db72,2018-08-14T00:34:00.898000Z,BTC-USD,0.01705641,6202.76000000,sell
match,48779946,6585353768,455fca63-4d95-4cea-953b-835200b4dbf6,4d1dc098-fbd6-4f94-8458-f5250477db72,2018-08-14T00:34:00.898000Z,BTC-USD,0.01377087,6202.97000000,sell
match,48779947,6585353842,f5a63b92-61cc-4599-b209-932b33e0bfce,deb097a6-8741-4cf0-baea-d4198008ac16,2018-08-14T00:34:01.202000Z,BTC-USD,0.02315000,6202.96000000,buy
match,48779948,6585353849,455fca63-4d95-4cea-953b-835200b4dbf6,2c5560ae-93ff-4f28-a76b-85680764f2c5,2018-08-14T00:34:01.203000Z,BTC-USD,0.00622913,6202.97000000,sell
match,48779949,6585353851,cc407105-4514-4c5b-9e40-f3f816efce92,2c5560ae-93ff-4f28-a76b-85680764f2c5,2018-08-14T00:34:01.203000Z,BTC-USD,0.00100000,6202.99000000,sell
match,48779950,6585353853,4ce5b9b9-d3f8-4a7f-95f0-fde7716bdc4b,2c5560ae-93ff-4f28-a76b-85680764f2c5,2018-08-14T00:34:01.203000Z,BTC-USD,0.01100000,6203.08000000,sell
match,48779951,6585353855,8088f943-7208-416f-a291-1a01bee61f29,2c5560ae-93ff-4f28-a76b-85680764f2c5,2018-08-14T00:34:01.203000Z,BTC-USD,0.01000000,6204.22000000,sell
match,48779952,6585353857,8c424a4c-b0df-4ae1-b174-0d77a69e3ebb,2c5560ae-93ff-4f28-a76b-85680764f2c5,2018-08-14T00:34:01.203000Z,BTC-USD,0.00100000,6204.68000000,sell
match,48779953,6585353859,dbb71820-231e-4270-bed6-07db3a7e0f3b,2c5560ae-93ff-4f28-a76b-85680764f2c5,2018-08-14T00:34:01.203000Z,BTC-USD,0.00100000,6204.68000000,sell
match,48779954,6585353861,7a070088-9c59-4781-916f-ab08baa22dab,2c5560ae-93ff-4f28-a76b-85680764f2c5,2018-08-14T00:34:01.203000Z,BTC-USD,0.00100000,6204.68000000,sell
match,48779955,6585353863,d48eb1b2-30d5-416c-9d8f-f9ed9ad917e6,2c5560ae-93ff-4f28-a76b-85680764f2c5,2018-08-14T00:34:01.203000Z,BTC-USD,0.00100000,6204.68000000,sell
match,48779956,6585353865,e6180a19-8626-4d97-aadb-cff84682eb0a,2c5560ae-93ff-4f28-a76b-85680764f2c5,2018-08-14T00:34:01.203000Z,BTC-USD,0.00100000,6204.68000000,sell
match,48779957,6585353867,ab9885b6-b8d1-483f-9058-d075fd95a098,2c5560ae-93ff-4f28-a76b-85680764f2c5,2018-08-14T00:34:01.203000Z,BTC-USD,0.00100000,6204.68000000,sell
match,48779958,6585353869,fe6460cb-79d0-4f6d-8b67-1de37aefc80b,2c5560ae-93ff-4f28-a76b-85680764f2c5,2018-08-14T00:34:01.203000Z,BTC-USD,0.04477707,6204.69000000,sell
match,48779959,6585354064,f56db443-cad9-4e89-a870-928b5f11d3e2,37697a02-f0ff-4fef-b612-c62c48dfc3f1,2018-08-14T00:34:01.553000Z,BTC-USD,0.00100000,6205.13000000,sell
match,48779960,6585354066,e1fff8b0-7c4b-4daf-81a8-e66e8d273f49,37697a02-f0ff-4fef-b612-c62c48dfc3f1,2018-08-14T00:34:01.553000Z,BTC-USD,0.01750630,6207.76000000,sell
match,48779961,6585354698,9571e805-ee80-49a4-be49-4e3d8ecfb54c,513949b3-4cb4-40f2-a0fa-111ea20475de,2018-08-14T00:34:04.152000Z,BTC-USD,0.05000000,6207.75000000,buy
match,48779962,6585354714,e1fff8b0-7c4b-4daf-81a8-e66e8d273f49,46c35830-1bd7-4efa-89cc-c02a0bff82b8,2018-08-14T00:34:04.178000Z,BTC-USD,0.03084330,6207.76000000,sell
match,48779963,6585354802,e1fff8b0-7c4b-4daf-81a8-e66e8d273f49,7294ddb5-ffc2-40f9-8610-aaa34a49f927,2018-08-14T00:34:04.395000Z,BTC-USD,0.33070000,6207.76000000,sell
match,48779964,6585354994,e1fff8b0-7c4b-4daf-81a8-e66e8d273f49,15525000-71b4-4b94-8ea9-d2feb20b157d,2018-08-14T00:34:05.383000Z,BTC-USD,0.01542565,6207.76000000,sell
match,48779965,6585355378,e1fff8b0-7c4b-4daf-81a8-e66e8d273f49,e5766be2-83d1-4b8e-84d2-7adc6b9e7b5c,2018-08-14T00:34:06.957000Z,BTC-USD,0.00673910,6207.76000000,sell
match,48779966,6585356724,b17013f8-e8a8-4121-94d8-feedc9c2f388,46505de1-cd55-4e68-a02d-f94d5dc05176,2018-08-14T00:34:10.962000Z,BTC-USD,0.02315000,6205.21000000,buy
match,48779967,6585359103,9a93c497-baef-4efa-bf73-aa72ea843b15,f4f4cc10-7834-4bd4-bc17-dedbb8d1ce67,2018-08-14T00:34:16.935000Z,BTC-USD,0.00258238,6206.28000000,sell
match,48779968,6585359105,20664031-0aca-4793-ad9b-3591a25a3eab,f4f4cc10-7834-4bd4-bc17-dedbb8d1ce67,2018-08-14T00:34:16.935000Z,BTC-USD,0.20411762,6206.31000000,sell
match,48779969,6585359119,80ae2603-e380-4d37-9de5-42a8078aaf50,2c69b4b3-cb8d-42f9-a991-2aad4a3d3e21,2018-08-14T00:34:16.967000Z,BTC-USD,0.03500000,6206.30000000,buy
match,48779970,6585359511,20664031-0aca-4793-ad9b-3591a25a3eab,0cf5afee-7c8f-45e8-85ff-228795dd0a16,2018-08-14T00:34:18.465000Z,BTC-USD,0.03083282,6206.31000000,sell
match,48779971,6585360025,80ae2603-e380-4d37-9de5-42a8078aaf50,ff173d35-a547-4a76-95f4-0597a0a9a410,2018-08-14T00:34:20.980000Z,BTC-USD,0.02315000,6206.30000000,buy
match,48779972,6585360083,20664031-0aca-4793-ad9b-3591a25a3eab,248b60fa-b532-45a6-b69d-0f1667c15511,2018-08-14T00:34:21.367000Z,BTC-USD,0.01000000,6206.31000000,sell
match,48779973,6585360185,20664031-0aca-4793-ad9b-3591a25a3eab,7c7118d2-2233-472d-988a-e8d87c79affa,2018-08-14T00:34:21.957000Z,BTC-USD,0.15416088,6206.31000000,sell
match,48779974,6585360358,80ae2603-e380-4d37-9de5-42a8078aaf50,f11e4106-e6a9-40bd-95b8-4ddda1d7cc7e,2018-08-14T00:34:22.703000Z,BTC-USD,2.94185000,6206.30000000,buy
match,48779975,6585360360,be8b887f-f470-478f-b77c-a19bb9ffa5e2,f11e4106-e6a9-40bd-95b8-4ddda1d7cc7e,2018-08-14T00:34:22.703000Z,BTC-USD,0.80000000,6206.30000000,buy
match,48779976,6585360362,946cc0d9-6376-4d79-9cfd-27124fa567ab,f11e4106-e6a9-40bd-95b8-4ddda1d7cc7e,2018-08-14T00:34:22.703000Z,BTC-USD,0.45000000,6206.30000000,buy
match,48779977,6585360364,61f570fc-88fc-436d-a6d8-03bf23541d32,f11e4106-e6a9-40bd-95b8-4ddda1d7cc7e,2018-08-14T00:34:22.703000Z,BTC-USD,2.32307000,6206.30000000,buy
match,48779978,6585360366,895de90e-bbfd-442b-a3bb-c92363bab8ff,f11e4106-e6a9-40bd-95b8-4ddda1d7cc7e,2018-08-14T00:34:22.703000Z,BTC-USD,0.06200000,6206.30000000,buy
match,48779979,6585360368,36346f77-a2ba-4b87-aaa7-90ce5fd2aa5f,f11e4106-e6a9-40bd-95b8-4ddda1d7cc7e,2018-08-14T00:34:22.703000Z,BTC-USD,0.00100000,6206.30000000,buy
match,48779980,6585360370,02c04de1-c672-4c03-979f-68cf521a3084,f11e4106-e6a9-40bd-95b8-4ddda1d7cc7e,2018-08-14T00:34:22.703000Z,BTC-USD,1.00000000,6206.30000000,buy
match,48779981,6585360372,7028fef4-5631-4519-8b07-fd112c7a76ba,f11e4106-e6a9-40bd-95b8-4ddda1d7cc7e,2018-08-14T00:34:22.703000Z,BTC-USD,0.00100000,6205.83000000,buy
match,48779982,6585360374,8f11bdc9-84c2-431a-87d3-01fda6616da9,f11e4106-e6a9-40bd-95b8-4ddda1d7cc7e,2018-08-14T00:34:22.703000Z,BTC-USD,1.00000000,6205.23000000,buy
match,48779983,6585360376,acfe1e03-1970-4e87-af59-8011b6a6b5b5,f11e4106-e6a9-40bd-95b8-4ddda1d7cc7e,2018-08-14T00:34:22.703000Z,BTC-USD,1.00000000,6205.21000000,buy
match,48779984,6585360378,d8c29c2d-222a-487d-9466-5b98c71cd2a2,f11e4106-e6a9-40bd-95b8-4ddda1d7cc7e,2018-08-14T00:34:22.703000Z,BTC-USD,0.01000000,6205.06000000,buy
match,48779985,6585360380,56210425-d23b-47e5-8d6d-d700a77fa915,f11e4106-e6a9-40bd-95b8-4ddda1d7cc7e,2018-08-14T00:34:22.703000Z,BTC-USD,0.02060000,6202.70000000,buy
match,48779986,6585360382,eb9f3158-f064-4cc9-ac90-37d6372f9ef3,f11e4106-e6a9-40bd-95b8-4ddda1d7cc7e,2018-08-14T00:34:22.703000Z,BTC-USD,0.00100000,6202.49000000,buy
match,48779987,6585360384,8ddffba2-9a55-4f91-abcb-b6616ade0a5f,f11e4106-e6a9-40bd-95b8-4ddda1d7cc7e,2018-08-14T00:34:22.703000Z,BTC-USD,0.50000000,6202.00000000,buy
match,48779988,6585360386,6cbcd6a7-18d8-4516-9afb-edd8bb5cf2ea,f11e4106-e6a9-40bd-95b8-4ddda1d7cc7e,2018-08-14T00:34:22.703000Z,BTC-USD,0.00100000,6201.37000000,buy
match,48779989,6585360388,2a48745a-b158-4d8d-95b0-530524f16938,f11e4106-e6a9-40bd-95b8-4ddda1d7cc7e,2018-08-14T00:34:22.703000Z,BTC-USD,0.20000000,6201.37000000,buy
match,48779990,6585360390,d24805af-bc54-495f-9db5-460ad6dc94f1,f11e4106-e6a9-40bd-95b8-4ddda1d7cc7e,2018-08-14T00:34:22.703000Z,BTC-USD,0.00100000,6201.14000000,buy
match,48779991,6585360392,8d27bfac-d3f4-48e2-a833-662772845c72,f11e4106-e6a9-40bd-95b8-4ddda1d7cc7e,2018-08-14T00:34:22.703000Z,BTC-USD,0.02608147,6201.11000000,buy
match,48779992,6585360394,c88a7672-67d4-4721-abef-07b3514e9c30,f11e4106-e6a9-40bd-95b8-4ddda1d7cc7e,2018-08-14T00:34:22.703000Z,BTC-USD,0.37183308,6200.56000000,buy
match,48779993,6585360396,38412019-0bd7-48b5-acc6-02f678e4831f,f11e4106-e6a9-40bd-95b8-4ddda1d7cc7e,2018-08-14T00:34:22.703000Z,BTC-USD,1.00000000,6200.56000000,buy
match,48779994,6585360398,cc6e854f-cc4a-4907-bad0-d3828198dd96,f11e4106-e6a9-40bd-95b8-4ddda1d7cc7e,2018-08-14T00:34:22.703000Z,BTC-USD,0.92563800,6200.11000000,buy
match,48779995,6585360400,19f33eba-9fc4-4e05-b50b-dc27ca3ffe15,f11e4106-e6a9-40bd-95b8-4ddda1d7cc7e,2018-08-14T00:34:22.703000Z,BTC-USD,0.01618102,6200.01000000,buy
match,48779996,6585360402,f0d8bb7b-5582-421e-8cd6-22b64366857f,f11e4106-e6a9-40bd-95b8-4ddda1d7cc7e,2018-08-14T00:34:22.703000Z,BTC-USD,0.47124158,6200.01000000,buy
match,48779997,6585360404,c12d9cc9-9a74-4d25-9245-49de88a98553,f11e4106-e6a9-40bd-95b8-4ddda1d7cc7e,2018-08-14T00:34:22.703000Z,BTC-USD,56.87650485,6200.00000000,buy
match,48779998,6585360548,c12d9cc9-9a74-4d25-9245-49de88a98553,bf417af1-1c36-4c71-9747-7ae5b640f5de,2018-08-14T00:34:23.056000Z,BTC-USD,0.83822739,6200.00000000,buy
match,48779999,6585360720,c12d9cc9-9a74-4d25-9245-49de88a98553,dc4864eb-87f0-442a-aa96-634ec7b3126c,2018-08-14T00:34:23.581000Z,BTC-USD,8.71632874,6200.00000000,buy
match,48780000,6585360722,85dbb38a-33aa-486d-8422-b0f571bd1e88,dc4864eb-87f0-442a-aa96-634ec7b3126c,2018-08-14T00:34:23.581000Z,BTC-USD,0.05000000,6200.00000000,buy
match,48780001,6585360724,771cb116-efab-48df-8031-0bfa6cfd8ef5,dc4864eb-87f0-442a-aa96-634ec7b3126c,2018-08-14T00:34:23.581000Z,BTC-USD,0.01000000,6200.00000000,buy
match,48780002,6585360726,98cec5bb-212b-4365-9c21-24a80a3e28bc,dc4864eb-87f0-442a-aa96-634ec7b3126c,2018-08-14T00:34:23.581000Z,BTC-USD,0.25000000,6200.00000000,buy
match,48780003,6585360728,4900233d-62ff-425f-b2b9-fc536bfb0e2e,dc4864eb-87f0-442a-aa96-634ec7b3126c,2018-08-14T00:34:23.581000Z,BTC-USD,0.01081823,6200.00000000,buy
match,48780004,6585360730,63b52b9c-151e-46b4-b6bf-99b95d749e58,dc4864eb-87f0-442a-aa96-634ec7b3126c,2018-08-14T00:34:23.581000Z,BTC-USD,0.16100000,6200.00000000,buy
match,48780005,6585360732,7f840916-9a8c-4112-b27d-763ce8f735cb,dc4864eb-87f0-442a-aa96-634ec7b3126c,2018-08-14T00:34:23.581000Z,BTC-USD,0.01000000,6200.00000000,buy
match,48780006,6585360734,24036d37-3fa7-44e8-92ea-08de3649ff36,dc4864eb-87f0-442a-aa96-634ec7b3126c,2018-08-14T00:34:23.581000Z,BTC-USD,0.01612900,6200.00000000,buy
match,48780007,6585360736,cc6bb105-ac3e-4b49-b8c4-9ee28b836096,dc4864eb-87f0-442a-aa96-634ec7b3126c,2018-08-14T00:34:23.581000Z,BTC-USD,1.57653683,6200.00000000,buy
match,48780008,6585360738,dde75b15-3b05-4f60-b2f2-5b2f65b85e0b,dc4864eb-87f0-442a-aa96-634ec7b3126c,2018-08-14T00:34:23.581000Z,BTC-USD,0.99999998,6200.00000000,buy
match,48780009,6585360740,f2cc8445-b516-46ea-88a9-95fc5d19d5a0,dc4864eb-87f0-442a-aa96-634ec7b3126c,2018-08-14T00:34:23.581000Z,BTC-USD,0.14919355,6200.00000000,buy
match,48780010,6585360742,20f0a2de-911d-480e-a8f2-fc58dd000419,dc4864eb-87f0-442a-aa96-634ec7b3126c,2018-08-14T00:34:23.581000Z,BTC-USD,0.08064511,6200.00000000,buy
match,48780011,6585360744,45a426bb-217f-4b8b-b387-a694cf59c530,dc4864eb-87f0-442a-aa96-634ec7b3126c,2018-08-14T00:34:23.581000Z,BTC-USD,0.20000000,6200.00000000,buy
match,48780012,6585360746,5781b6df-98d2-4a52-8b66-84603edaf486,dc4864eb-87f0-442a-aa96-634ec7b3126c,2018-08-14T00:34:23.581000Z,BTC-USD,0.01000000,6200.00000000,buy
match,48780013,6585360748,4e0a77b2-ee47-45d3-a1e2-1e4948b472a6,dc4864eb-87f0-442a-aa96-634ec7b3126c,2018-08-14T00:34:23.581000Z,BTC-USD,10.00000000,6200.00000000,buy
match,48780014,6585360750,2220a802-a46e-4d8c-90b0-b3b1f0d9b7f8,dc4864eb-87f0-442a-aa96-634ec7b3126c,2018-08-14T00:34:23.581000Z,BTC-USD,6.28769350,6200.00000000,buy
match,48780015,6585360752,39bb9e08-534a-4369-97d4-b5b4e6d97cf9,dc4864eb-87f0-442a-aa96-634ec7b3126c,2018-08-14T00:34:23.581000Z,BTC-USD,0.05000000,6200.00000000,buy
match,48780016,6585360754,b254f491-890a-47d0-bf8c-bc00d9e3f368,dc4864eb-87f0-442a-aa96-634ec7b3126c,2018-08-14T00:34:23.581000Z,BTC-USD,0.00161290,6200.00000000,buy
match,48780017,6585360756,0486b401-bcb3-4c85-b47f-56dba6846623,dc4864eb-87f0-442a-aa96-634ec7b3126c,2018-08-14T00:34:23.581000Z,BTC-USD,0.00172000,6200.00000000,buy
match,48780018,6585360758,57174c38-eb51-49f6-8e50-650ec432cbb8,dc4864eb-87f0-442a-aa96-634ec7b3126c,2018-08-14T00:34:23.581000Z,BTC-USD,1.00000000,6200.00000000,buy
match,48780019,6585360760,70de03e1-e262-4beb-80c5-6becd4984df0,dc4864eb-87f0-442a-aa96-634ec7b3126c,2018-08-14T00:34:23.581000Z,BTC-USD,0.00269831,6200.00000000,buy
match,48780020,6585360762,81718f7a-06fc-4514-929e-0d952be48f1f,dc4864eb-87f0-442a-aa96-634ec7b3126c,2018-08-14T00:34:23.581000Z,BTC-USD,3.00000000,6200.00000000,buy
match,48780021,6585360764,a5495f8a-c0d2-4420-9190-08d249fec635,dc4864eb-87f0-442a-aa96-634ec7b3126c,2018-08-14T00:34:23.581000Z,BTC-USD,0.08000000,6200.00000000,buy
match,48780022,6585360766,c2513432-95f1-4894-89e0-acc810d3d492,dc4864eb-87f0-442a-aa96-634ec7b3126c,2018-08-14T00:34:23.581000Z,BTC-USD,0.50000000,6200.00000000,buy
match,48780023,6585360768,65401d73-24d1-4fe7-87c4-096b545f2289,dc4864eb-87f0-442a-aa96-634ec7b3126c,2018-08-14T00:34:23.581000Z,BTC-USD,0.00189000,6200.00000000,buy
match,48780024,6585360770,51f519af-4da9-44f9-8f02-b1e952073d9d,dc4864eb-87f0-442a-aa96-634ec7b3126c,2018-08-14T00:34:23.581000Z,BTC-USD,1.50000000,6200.00000000,buy
match,48780025,6585360885,0a389f21-760f-43b9-95e9-1f6cdc892aa4,a847b4b8-baa9-4573-ab79-9816808ed213,2018-08-14T00:34:23.799000Z,BTC-USD,0.01618671,6199.93000000,sell
match,48780026,6585361597,e4e57ca0-bf86-4c34-b906-57f013d6037e,97250106-7db5-456b-9570-cf64a9ad62d3,2018-08-14T00:34:25.670000Z,BTC-USD,0.00216500,6199.92000000,buy
match,48780027,6585361988,abb7cd58-0865-4eac-99f8-923c96bd5cbe,c5d68419-e7b3-4c81-ab81-19e9ad83e11f,2018-08-14T00:34:27.080000Z,BTC-USD,0.00194340,6199.93000000,sell
match,48780028,6585361990,3a1e2637-9370-4174-82eb-ccfc51ef2a02,c5d68419-e7b3-4c81-ab81-19e9ad83e11f,2018-08-14T00:34:27.080000Z,BTC-USD,0.00100000,6199.93000000,sell
match,48780029,6585361992,eeef8c80-9f76-4607-bd94-4f1c78a10a00,c5d68419-e7b3-4c81-ab81-19e9ad83e11f,2018-08-14T00:34:27.080000Z,BTC-USD,0.00100000,6199.93000000,sell
match,48780030,6585361994,fcbbdebd-439c-4836-aae9-e270eede379a,c5d68419-e7b3-4c81-ab81-19e9ad83e11f,2018-08-14T00:34:27.080000Z,BTC-USD,0.00176810,6199.94000000,sell
match,48780031,6585361996,e33ae7b2-458f-4d7a-ab19-925af6dc8d64,c5d68419-e7b3-4c81-ab81-19e9ad83e11f,2018-08-14T00:34:27.080000Z,BTC-USD,0.01064193,6200.00000000,sell
match,48780032,6585362373,e33ae7b2-458f-4d7a-ab19-925af6dc8d64,7e261d4a-95cc-46ae-be0f-c6c0383c927a,2018-08-14T00:34:28.827000Z,BTC-USD,0.01927103,6200.00000000,sell
match,48780033,6585362511,e4e57ca0-bf86-4c34-b906-57f013d6037e,e2836a35-72a5-45cf-9236-a52c4bab297c,2018-08-14T00:34:29.247000Z,BTC-USD,0.00663500,6199.92000000,buy
match,48780034,6585362513,cf3871ce-539f-4cb7-95ab-1b34ea81b95e,e2836a35-72a5-45cf-9236-a52c4bab297c,2018-08-14T00:34:29.247000Z,BTC-USD,0.01329476,6199.92000000,buy
match,48780035,6585362515,98cda0c9-ac63-4cf8-81cd-958b81954753,e2836a35-72a5-45cf-9236-a52c4bab297c,2018-08-14T00:34:29.247000Z,BTC-USD,0.15200000,6199.92000000,buy
match,48780036,6585362517,7638d45b-5a83-41a7-9712-1970b87457c7,e2836a35-72a5-45cf-9236-a52c4bab297c,2018-08-14T00:34:29.247000Z,BTC-USD,0.01000000,6199.88000000,buy
match,48780037,6585362519,fb0a67f4-f3bd-48d6-ae20-ea13b8b94723,e2836a35-72a5-45cf-9236-a52c4bab297c,2018-08-14T00:34:29.247000Z,BTC-USD,0.00877024,6199.88000000,buy
match,48780038,6585362980,45ddc074-b74b-40a0-9119-da4b847e9b2a,9afb07c6-07b2-4946-9b2d-999d68240b5a,2018-08-14T00:34:30.556000Z,BTC-USD,0.01376923,6199.89000000,sell
match,48780039,6585364033,fb0a67f4-f3bd-48d6-ae20-ea13b8b94723,3b986f80-d0c6-468d-bba7-16afda437faf,2018-08-14T00:34:36.802000Z,BTC-USD,0.00202976,6199.88000000,buy
match,48780040,6585364035,e4fe5cb6-4b04-49db-9847-7cd3077e2566,3b986f80-d0c6-468d-bba7-16afda437faf,2018-08-14T00:34:36.802000Z,BTC-USD,0.20000000,6199.88000000,buy
match,48780041,6585364037,5300f434-1870-43dd-abc5-d7394118c030,3b986f80-d0c6-468d-bba7-16afda437faf,2018-08-14T00:34:36.802000Z,BTC-USD,0.12909006,6199.88000000,buy
match,48780042,6585364650,45ddc074-b74b-40a0-9119-da4b847e9b2a,72c8cbd8-7d23-4572-8b0d-c31371a6d3fd,2018-08-14T00:34:40.393000Z,BTC-USD,0.00216823,6199.89000000,sell
match,48780043,6585364739,45ddc074-b74b-40a0-9119-da4b847e9b2a,ed06d3c6-6f3c-4594-aa6f-8dccf16f2366,2018-08-14T00:34:40.926000Z,BTC-USD,0.00297068,6199.89000000,sell
match,48780044,6585364772,45ddc074-b74b-40a0-9119-da4b847e9b2a,c331604e-e751-4043-96b1-58947b1d00c3,2018-08-14T00:34:41.142000Z,BTC-USD,0.00184725,6199.89000000,sell
match,48780045,6585364853,45ddc074-b74b-40a0-9119-da4b847e9b2a,7d67148f-3761-4435-b372-f12c8b84a7b3,2018-08-14T00:34:41.628000Z,BTC-USD,0.01470000,6199.89000000,sell
match,48780046,6585365049,c1d0184d-2c24-41ca-90ea-ae662d406b8a,604b2d79-2094-4c40-86e1-782f1abf5830,2018-08-14T00:34:42.828000Z,BTC-USD,0.00106000,6199.88000000,buy
match,48780047,6585365051,babd6f3a-7d6f-4636-8c1f-7ae9a8838423,604b2d79-2094-4c40-86e1-782f1abf5830,2018-08-14T00:34:42.828000Z,BTC-USD,0.19000000,6199.88000000,buy
match,48780048,6585365084,05df46fe-daf7-42e4-b24e-45567397475e,a4594216-7586-41f4-979c-5bb8dc14f1c7,2018-08-14T00:34:42.876000Z,BTC-USD,0.00100000,6199.48000000,buy
match,48780049,6585365086,4e9f3db8-0a4d-4082-89db-7f8c7279dc99,a4594216-7586-41f4-979c-5bb8dc14f1c7,2018-08-14T00:34:42.876000Z,BTC-USD,0.00450000,6199.37000000,buy
match,48780050,6585365088,382a147e-3da0-4fcb-a236-77f481d51046,a4594216-7586-41f4-979c-5bb8dc14f1c7,2018-08-14T00:34:42.876000Z,BTC-USD,0.01000000,6199.00000000,buy
match,48780051,6585365090,efb39901-3a54-4ff6-8ee2-7bffc740f759,a4594216-7586-41f4-979c-5bb8dc14f1c7,2018-08-14T00:34:42.876000Z,BTC-USD,0.05020129,6199.00000000,buy
match,48780052,6585365151,dae1a33b-390f-4ee9-8c7a-ae564b253141,27049381-4d1f-4387-a019-8cc373e058cf,2018-08-14T00:34:42.938000Z,BTC-USD,0.00131926,6198.68000000,buy
match,48780053,6585365245,08786994-7c8e-4933-9564-d4abbecf5733,28f1bd59-5913-4441-b2f6-72a0bc1deae1,2018-08-14T00:34:43.040000Z,BTC-USD,0.00100100,6197.95000000,buy
match,48780054,6585365504,7c42a911-7dec-4368-b79d-aae2670ccab9,ff4addee-c6a3-487b-8259-a2da35dab5f4,2018-08-14T00:34:43.705000Z,BTC-USD,0.00100000,6197.89000000,buy
match,48780055,6585365506,9c822dc7-695b-4127-8c93-fb9a196c6b45,ff4addee-c6a3-487b-8259-a2da35dab5f4,2018-08-14T00:34:43.705000Z,BTC-USD,0.00100000,6197.89000000,buy
match,48780056,6585365508,b90d8a8a-352e-466c-80a3-8d599ac7f7eb,ff4addee-c6a3-487b-8259-a2da35dab5f4,2018-08-14T00:34:43.705000Z,BTC-USD,0.00100000,6197.89000000,buy
match,48780057,6585365510,26e42d99-de9e-413e-aa40-d49a9af2303c,ff4addee-c6a3-487b-8259-a2da35dab5f4,2018-08-14T00:34:43.705000Z,BTC-USD,0.00212553,6197.89000000,buy
match,48780058,6585366330,9dc1be09-aed3-4fb7-a6e2-a82beb8da5a7,95665a2c-2a56-4ca7-99d1-9e0454c33532,2018-08-14T00:34:46.813000Z,BTC-USD,0.06173276,6197.90000000,sell
match,48780059,6585366388,26e42d99-de9e-413e-aa40-d49a9af2303c,2e1952d2-124a-4d11-9856-16eeb74721ca,2018-08-14T00:34:47.358000Z,BTC-USD,0.00144096,6197.89000000,buy
match,48780060,6585366390,e1fcc304-303e-4b3d-a7d9-c1166e0352bb,2e1952d2-124a-4d11-9856-16eeb74721ca,2018-08-14T00:34:47.358000Z,BTC-USD,0.00196000,6197.89000000,buy
match,48780061,6585366392,61e452a0-73ac-4997-a360-b3e845aa57d2,2e1952d2-124a-4d11-9856-16eeb74721ca,2018-08-14T00:34:47.358000Z,BTC-USD,0.09659904,6197.89000000,buy
match,48780062,6585366626,072364d6-69aa-4d5d-ac7d-c59e28263749,2bf69e2a-af86-40f2-8222-17f1dadf4d6a,2018-08-14T00:34:48.284000Z,BTC-USD,0.00121000,6197.89000000,buy
match,48780063,6585366628,0beeb8e4-43d2-4cdd-80e8-28161829eb4c,2bf69e2a-af86-40f2-8222-17f1dadf4d6a,2018-08-14T00:34:48.284000Z,BTC-USD,1.00000000,6197.89000000,buy
match,48780064,6585366630,74f42790-52b3-4247-9c7a-5180564e6f77,2bf69e2a-af86-40f2-8222-17f1dadf4d6a,2018-08-14T00:34:48.284000Z,BTC-USD,0.00203825,6197.80000000,buy
match,48780065,6585366632,e2c9b469-2796-41dc-9bba-256ec20bbc8f,2bf69e2a-af86-40f2-8222-17f1dadf4d6a,2018-08-14T00:34:48.284000Z,BTC-USD,0.01150000,6197.71000000,buy
match,48780066,6585366634,63a4b98f-c02a-435e-b414-e632bcf9dcea,2bf69e2a-af86-40f2-8222-17f1dadf4d6a,2018-08-14T00:34:48.284000Z,BTC-USD,0.00100000,6197.13000000,buy
match,48780067,6585366636,5353e5f9-334a-4bfe-a022-873c7b0a5e45,2bf69e2a-af86-40f2-8222-17f1dadf4d6a,2018-08-14T00:34:48.284000Z,BTC-USD,0.00154903,6197.13000000,buy
match,48780068,6585366638,ef4d7edc-3897-410d-b2bf-464f4d6d758f,2bf69e2a-af86-40f2-8222-17f1dadf4d6a,2018-08-14T00:34:48.284000Z,BTC-USD,0.00100000,6197.01000000,buy
match,48780069,6585366640,5a9da2ff-5094-41ee-a855-7c719e297c19,2bf69e2a-af86-40f2-8222-17f1dadf4d6a,2018-08-14T00:34:48.284000Z,BTC-USD,0.00125000,6196.75000000,buy
match,48780070,6585366642,65d76841-a31b-4207-84d5-8d13fafa6de1,2bf69e2a-af86-40f2-8222-17f1dadf4d6a,2018-08-14T00:34:48.284000Z,BTC-USD,0.01000000,6196.65000000,buy
match,48780071,6585366644,a0ce827f-8375-406f-a915-57e1e2624226,2bf69e2a-af86-40f2-8222-17f1dadf4d6a,2018-08-14T00:34:48.284000Z,BTC-USD,0.00100000,6196.53000000,buy
match,48780072,6585366646,2df2db37-3540-471b-b0b3-b42ce3816bbb,2bf69e2a-af86-40f2-8222-17f1dadf4d6a,2018-08-14T00:34:48.284000Z,BTC-USD,0.01220000,6195.54000000,buy
match,48780073,6585366648,128fcac9-20a2-4782-8664-b31bba66a118,2bf69e2a-af86-40f2-8222-17f1dadf4d6a,2018-08-14T00:34:48.284000Z,BTC-USD,0.05000000,6195.00000000,buy
match,48780074,6585366650,518559a1-9e6f-4bcd-93a4-e01e9c7c65c0,2bf69e2a-af86-40f2-8222-17f1dadf4d6a,2018-08-14T00:34:48.284000Z,BTC-USD,0.00100000,6194.78000000,buy
match,48780075,6585366652,27786deb-3794-4fe9-bf34-3ff703cbfed0,2bf69e2a-af86-40f2-8222-17f1dadf4d6a,2018-08-14T00:34:48.284000Z,BTC-USD,0.03690542,6194.77000000,buy
match,48780076,6585367714,acc5d70c-9658-4b16-9656-212389b70aa2,843c93e6-bf10-47d0-9f62-dd5c6e77a0bd,2018-08-14T00:34:52.667000Z,BTC-USD,0.00310000,6194.78000000,sell
match,48780077,6585367886,27786deb-3794-4fe9-bf34-3ff703cbfed0,8768c189-2d85-4cec-a558-40d224d93922,2018-08-14T00:34:53.730000Z,BTC-USD,0.01509458,6194.77000000,buy
match,48780078,6585367888,21db0079-337d-4797-a2fe-3cd5de25a220,8768c189-2d85-4cec-a558-40d224d93922,2018-08-14T00:34:53.730000Z,BTC-USD,1.00000000,6194.77000000,buy
match,48780079,6585367890,46f9b0bc-1d9b-49f4-ab47-869c5fa2fdc7,8768c189-2d85-4cec-a558-40d224d93922,2018-08-14T00:34:53.730000Z,BTC-USD,0.00162000,6194.77000000,buy
match,48780080,6585367892,8dd82027-270f-4df5-8aa0-3e5535137033,8768c189-2d85-4cec-a558-40d224d93922,2018-08-14T00:34:53.730000Z,BTC-USD,0.00702334,6194.77000000,buy
match,48780081,6585367894,adc5b00c-687a-42c7-8300-491e6914bf02,8768c189-2d85-4cec-a558-40d224d93922,2018-08-14T00:34:53.730000Z,BTC-USD,0.00235938,6194.77000000,buy
match,48780082,6585367896,c0fe8966-93e2-4854-8317-1c850227944a,8768c189-2d85-4cec-a558-40d224d93922,2018-08-14T00:34:53.730000Z,BTC-USD,0.00500000,6194.77000000,buy
match,48780083,6585367898,d5c8e28f-9bf3-438a-bb69-d25bb8ca0e5c,8768c189-2d85-4cec-a558-40d224d93922,2018-08-14T00:34:53.730000Z,BTC-USD,0.00100000,6194.46000000,buy
match,48780084,6585367900,3e084e55-056c-4025-90ef-d039ea4c871c,8768c189-2d85-4cec-a558-40d224d93922,2018-08-14T00:34:53.730000Z,BTC-USD,0.00450000,6194.37000000,buy
match,48780085,6585367902,7dbfc983-db20-4a4f-8808-3f97e09bb2ec,8768c189-2d85-4cec-a558-40d224d93922,2018-08-14T00:34:53.730000Z,BTC-USD,0.00200000,6194.18000000,buy
match,48780086,6585367904,007bba85-b983-4e10-9783-36fe98b230a6,8768c189-2d85-4cec-a558-40d224d93922,2018-08-14T00:34:53.730000Z,BTC-USD,0.00200000,6193.73000000,buy
match,48780087,6585367906,2b497477-8f0e-4293-b6c1-88c83132f637,8768c189-2d85-4cec-a558-40d224d93922,2018-08-14T00:34:53.730000Z,BTC-USD,0.00100000,6193.64000000,buy
match,48780088,6585367908,cb2b702b-8bfb-42be-8645-4f04e8d9a0db,8768c189-2d85-4cec-a558-40d224d93922,2018-08-14T00:34:53.730000Z,BTC-USD,0.00100000,6193.63000000,buy
match,48780089,6585367910,4d20b042-a3f7-45b2-87fa-91116750fa37,8768c189-2d85-4cec-a558-40d224d93922,2018-08-14T00:34:53.730000Z,BTC-USD,0.01000000,6193.53000000,buy
match,48780090,6585367912,e71adc5f-45ac-4172-b175-c14e39a80625,8768c189-2d85-4cec-a558-40d224d93922,2018-08-14T00:34:53.730000Z,BTC-USD,0.01290000,6193.37000000,buy
match,48780091,6585367914,99b2bebb-8286-4bdc-bf7a-9f9eed0d5bd9,8768c189-2d85-4cec-a558-40d224d93922,2018-08-14T00:34:53.730000Z,BTC-USD,0.01000000,6193.34000000,buy
match,48780092,6585367916,b687ef8b-3e74-4a9c-96f2-8a0a83aeb3ca,8768c189-2d85-4cec-a558-40d224d93922,2018-08-14T00:34:53.730000Z,BTC-USD,0.00100000,6193.13000000,buy
match,48780093,6585367918,bdc12a15-8435-4e06-a78f-3a756add80d8,8768c189-2d85-4cec-a558-40d224d93922,2018-08-14T00:34:53.730000Z,BTC-USD,0.21112062,6193.09000000,buy
match,48780094,6585367921,bdc12a15-8435-4e06-a78f-3a756add80d8,a3f3a85e-7d3a-4347-8740-332c425b58c9,2018-08-14T00:34:53.730000Z,BTC-USD,0.03887938,6193.09000000,buy
match,48780095,6585367923,5d3e76bf-1416-41bc-9039-785669c69e2b,a3f3a85e-7d3a-4347-8740-332c425b58c9,2018-08-14T00:34:53.730000Z,BTC-USD,0.01903951,6192.16000000,buy
match,48780096,6585367925,c1cb5781-0a79-4b2b-8fbc-6b07d0805d38,a3f3a85e-7d3a-4347-8740-332c425b58c9,2018-08-14T00:34:53.730000Z,BTC-USD,0.00100000,6192.15000000,buy
match,48780097,6585367927,fd8e89ce-d53c-44a5-a217-0622a380a4d9,a3f3a85e-7d3a-4347-8740-332c425b58c9,2018-08-14T00:34:53.730000Z,BTC-USD,0.00125000,6191.75000000,buy
match,48780098,6585367929,ea982598-9d51-4656-98e0-0090b563a01a,a3f3a85e-7d3a-4347-8740-332c425b58c9,2018-08-14T00:34:53.730000Z,BTC-USD,1.46507210,6191.63000000,buy
match,48780099,6585368505,0ea7511b-26fd-48fb-b738-ce050c85bd43,7835a384-7359-461c-9d41-70e680d6786c,2018-08-14T00:34:55.220000Z,BTC-USD,0.03082866,6191.63000000,sell
match,48780100,6585368874,0efe51f5-5a8f-442f-97bd-e9f56112924d,725f0ffd-ec4d-46df-a247-f07543ce8d70,2018-08-14T00:34:56.445000Z,BTC-USD,0.00168815,6191.63000000,sell
match,48780101,6585369142,9879bb6c-f648-4611-9f5f-9fe4945cf10d,70601d3e-b806-4254-975e-82bf30e53633,2018-08-14T00:34:57.268000Z,BTC-USD,0.15085130,6191.62000000,buy
match,48780102,6585370068,5c59cf20-aed5-42ea-a221-bbb9cbd22ffa,96aecc99-d5c0-4753-b5c5-28c9de51cdc0,2018-08-14T00:34:59.949000Z,BTC-USD,0.00709626,6191.62000000,buy
match,48780103,6585370070,46bb46f6-cd43-4741-9a7f-5d456a8bbb90,96aecc99-d5c0-4753-b5c5-28c9de51cdc0,2018-08-14T00:34:59.949000Z,BTC-USD,0.11647486,6191.62000000,buy
match,48780104,6585370072,3be284f8-c24c-4a22-9bcd-3dc31c229633,96aecc99-d5c0-4753-b5c5-28c9de51cdc0,2018-08-14T00:34:59.949000Z,BTC-USD,1.47642888,6191.62000000,buy
match,48780105,6585370097,0efe51f5-5a8f-442f-97bd-e9f56112924d,1e802867-328b-4c6e-8c39-102691bf006b,2018-08-14T00:34:59.978000Z,BTC-USD,0.03831185,6191.63000000,sell
match,48780106,6585370099,334e4e03-571d-48d9-9b1f-18143b0584dd,1e802867-328b-4c6e-8c39-102691bf006b,2018-08-14T00:34:59.978000Z,BTC-USD,0.05204187,6191.63000000,sell
match,48780107,6585370102,4bcd3a25-3e4a-4b02-b4fb-87cff540ba3d,c64bdad5-41b2-4d4b-beef-933bc01aae84,2018-08-14T00:34:59.979000Z,BTC-USD,0.20000000,6191.62000000,buy
match,48780108,6585370115,4bcd3a25-3e4a-4b02-b4fb-87cff540ba3d,e9b8a246-b852-49ad-b6cd-41f4ffd061df,2018-08-14T00:35:00.001000Z,BTC-USD,1.00000000,6191.62000000,buy
match,48780109,6585370163,4bcd3a25-3e4a-4b02-b4fb-87cff540ba3d,0216e60e-4925-4e61-84e7-8c34bf91203a,2018-08-14T00:35:00.099000Z,BTC-USD,1.00000000,6191.62000000,buy
match,48780110,6585370166,4bcd3a25-3e4a-4b02-b4fb-87cff540ba3d,d52e7850-e25d-40e3-95df-1c1f78514e14,2018-08-14T00:35:00.103000Z,BTC-USD,0.80000000,6191.62000000,buy
match,48780111,6585370168,3a8d6bd8-74f5-45a3-aff6-2c3c1f5cdb59,d52e7850-e25d-40e3-95df-1c1f78514e14,2018-08-14T00:35:00.103000Z,BTC-USD,0.00315078,6191.62000000,buy
match,48780112,6585370170,9b1945f0-b30e-450e-b55f-3c624987ab59,d52e7850-e25d-40e3-95df-1c1f78514e14,2018-08-14T00:35:00.103000Z,BTC-USD,0.08900000,6191.62000000,buy
match,48780113,6585370265,c5f7ff12-3aa1-43f5-8066-e412da396569,4edea1c7-e2a9-4b69-b92c-85a6ced1a4ca,2018-08-14T00:35:00.262000Z,BTC-USD,0.00100000,6191.55000000,buy
match,48780114,6585370313,fc301e28-d42e-4452-aba5-8d7305791a60,a70ed540-ee06-41d5-ba34-360492617815,2018-08-14T00:35:00.337000Z,BTC-USD,0.00236000,6191.13000000,buy
match,48780115,6585370321,8dfc4878-3e8d-44eb-880a-2756d921efbb,2c4a2aa8-6d09-46be-8517-1042a286220b,2018-08-14T00:35:00.340000Z,BTC-USD,0.00144721,6191.14000000,sell
match,48780116,6585370418,fc301e28-d42e-4452-aba5-8d7305791a60,d0f3038b-70a5-47bd-a7ed-4e51f8abf23f,2018-08-14T00:35:00.488000Z,BTC-USD,0.00000255,6191.13000000,buy
match,48780117,6585370420,dc686a58-bec3-4c8e-95be-28e78863053e,d0f3038b-70a5-47bd-a7ed-4e51f8abf23f,2018-08-14T00:35:00.488000Z,BTC-USD,0.00110745,6191.13000000,buy
match,48780118,6585370466,dc686a58-bec3-4c8e-95be-28e78863053e,51fdc2b8-97c0-4e12-ba34-0a44b6eb8dcb,2018-08-14T00:35:00.571000Z,BTC-USD,0.00000255,6191.13000000,buy
match,48780119,6585370468,f2a6d120-56c2-4215-9c5a-b1e3e6ba3de8,51fdc2b8-97c0-4e12-ba34-0a44b6eb8dcb,2018-08-14T00:35:00.571000Z,BTC-USD,1.49999745,6191.04000000,buy
match,48780120,6585370478,f2a6d120-56c2-4215-9c5a-b1e3e6ba3de8,528716af-5156-4219-bab2-6f48ab4e8ede,2018-08-14T00:35:00.587000Z,BTC-USD,0.20000000,6191.04000000,buy
match,48780121,6585370493,f2a6d120-56c2-4215-9c5a-b1e3e6ba3de8,ff89067a-5826-4631-ad61-8a6539c19583,2018-08-14T00:35:00.603000Z,BTC-USD,0.20000000,6191.04000000,buy
match,48780122,6585370683,d0b61c4b-6e82-43e7-a125-22c584dbfebc,0a38d126-4903-4c4e-98fd-3a1c289df93b,2018-08-14T00:35:00.978000Z,BTC-USD,0.00771152,6191.05000000,sell
match,48780123,6585370913,d0b61c4b-6e82-43e7-a125-22c584dbfebc,f158269f-cb25-4b5b-8730-fe5bcee20dda,2018-08-14T00:35:02.670000Z,BTC-USD,0.01313616,6191.05000000,sell
match,48780124,6585370931,f2a6d120-56c2-4215-9c5a-b1e3e6ba3de8,09c84d9d-ca1b-4cb0-8351-290b6e4f58a8,2018-08-14T00:35:02.802000Z,BTC-USD,0.39789766,6191.04000000,buy
match,48780125,6585370933,6caa22ba-7217-489e-b68f-1ca77d9253e3,09c84d9d-ca1b-4cb0-8351-290b6e4f58a8,2018-08-14T00:35:02.802000Z,BTC-USD,0.03231697,6191.04000000,buy
match,48780126,6585370935,eaf12ced-3d8a-40bb-be57-a864d84155c9,09c84d9d-ca1b-4cb0-8351-290b6e4f58a8,2018-08-14T00:35:02.802000Z,BTC-USD,0.05007046,6191.04000000,buy
match,48780127,6585370937,ab917577-aef6-4404-a4c7-b2d2565786ac,09c84d9d-ca1b-4cb0-8351-290b6e4f58a8,2018-08-14T00:35:02.802000Z,BTC-USD,0.00147000,6191.04000000,buy
match,48780128,6585370939,adf24dc5-b63a-44f6-a007-5bd29cf0be24,09c84d9d-ca1b-4cb0-8351-290b6e4f58a8,2018-08-14T00:35:02.802000Z,BTC-USD,0.00130707,6191.04000000,buy
match,48780129,6585371036,c4021f4e-39ad-456c-ba2f-6e0c9f4ee325,3bfd5302-bd6b-48ed-b9fa-25b604c95785,2018-08-14T00:35:02.974000Z,BTC-USD,0.00100000,6190.95000000,buy
match,48780130,6585371317,c4021f4e-39ad-456c-ba2f-6e0c9f4ee325,5659fab8-a99f-4371-8fa6-b1d2d410b5c4,2018-08-14T00:35:04.948000Z,BTC-USD,0.00000100,6190.95000000,buy
match,48780131,6585371319,f0e29057-595c-48aa-98fd-db993b5c33dd,5659fab8-a99f-4371-8fa6-b1d2d410b5c4,2018-08-14T00:35:04.948000Z,BTC-USD,0.00129900,6190.95000000,buy
match,48780132,6585371694,7d942b15-eb90-4a3d-bd59-c881de6811a5,9414c102-db44-41bc-9072-e72053b1d894,2018-08-14T00:35:07.512000Z,BTC-USD,0.00160707,6190.96000000,sell
match,48780133,6585371808,7d942b15-eb90-4a3d-bd59-c881de6811a5,dbaf4c1d-bda0-4fea-9d71-f6d1f3564cd5,2018-08-14T00:35:08.108000Z,BTC-USD,0.01622655,6190.96000000,sell
match,48780134,6585371889,f0e29057-595c-48aa-98fd-db993b5c33dd,3ceb437a-1665-4913-8191-f0094deef8ab,2018-08-14T00:35:08.503000Z,BTC-USD,0.00050100,6190.95000000,buy
match,48780135,6585371891,f60fafff-2a3f-40e4-babf-8656b93b8f3b,3ceb437a-1665-4913-8191-f0094deef8ab,2018-08-14T00:35:08.503000Z,BTC-USD,0.00100000,6190.60000000,buy
match,48780136,6585371893,9edb2d98-7057-4ce8-a740-ca3847b9fac4,3ceb437a-1665-4913-8191-f0094deef8ab,2018-08-14T00:35:08.503000Z,BTC-USD,0.00130975,6190.31000000,buy
match,48780137,6585371895,42681c0a-b416-4962-b052-c885788f0068,3ceb437a-1665-4913-8191-f0094deef8ab,2018-08-14T00:35:08.503000Z,BTC-USD,0.00100000,6190.28000000,buy
match,48780138,6585371897,1d86bc9f-8c69-48f4-8f72-08b46a7373d1,3ceb437a-1665-4913-8191-f0094deef8ab,2018-08-14T00:35:08.503000Z,BTC-USD,0.00200000,6190.10000000,buy
match,48780139,6585371899,272372e0-3702-41df-8a3a-7c11c6238e54,3ceb437a-1665-4913-8191-f0094deef8ab,2018-08-14T00:35:08.503000Z,BTC-USD,0.00203926,6190.05000000,buy
match,48780140,6585371901,0100d172-48f0-455e-9ace-0e5ea1db21e3,3ceb437a-1665-4913-8191-f0094deef8ab,2018-08-14T00:35:08.503000Z,BTC-USD,0.02406112,6190.01000000,buy
match,48780141,6585371903,25aed39c-c55f-47c1-b1ce-52de932a72ab,3ceb437a-1665-4913-8191-f0094deef8ab,2018-08-14T00:35:08.503000Z,BTC-USD,0.06694129,6190.00000000,buy
match,48780142,6585371905,1ac99283-36ad-424c-973d-361aef6744d5,3ceb437a-1665-4913-8191-f0094deef8ab,2018-08-14T00:35:08.503000Z,BTC-USD,0.00100000,6190.00000000,buy
match,48780143,6585371907,75aeb869-d865-442c-a7aa-ca66ac27f7bd,3ceb437a-1665-4913-8191-f0094deef8ab,2018-08-14T00:35:08.503000Z,BTC-USD,0.00100000,6190.00000000,buy
match,48780144,6585371909,142f5893-17f1-4d09-8719-88dc2fb265c8,3ceb437a-1665-4913-8191-f0094deef8ab,2018-08-14T00:35:08.503000Z,BTC-USD,0.59974701,6190.00000000,buy
match,48780145,6585371911,e0de9780-6ba9-4533-bdcb-bae9c05da57c,3ceb437a-1665-4913-8191-f0094deef8ab,2018-08-14T00:35:08.503000Z,BTC-USD,0.00110000,6190.00000000,buy
match,48780146,6585371913,7bdbca64-e12b-491b-9819-dc09eef85bc0,3ceb437a-1665-4913-8191-f0094deef8ab,2018-08-14T00:35:08.503000Z,BTC-USD,0.64266148,6190.00000000,buy
match,48780147,6585371915,89173476-577e-41d1-83fd-ddef1ffe4965,3ceb437a-1665-4913-8191-f0094deef8ab,2018-08-14T00:35:08.503000Z,BTC-USD,0.00100000,6189.94000000,buy
match,48780148,6585371917,44da6069-bfa2-4522-9f53-dab774aafe0e,3ceb437a-1665-4913-8191-f0094deef8ab,2018-08-14T00:35:08.503000Z,BTC-USD,0.00921000,6189.79000000,buy
match,48780149,6585371919,ac381193-4914-4c63-af8e-d5fd33f3986f,3ceb437a-1665-4913-8191-f0094deef8ab,2018-08-14T00:35:08.503000Z,BTC-USD,0.01000000,6189.71000000,buy
match,48780150,6585371921,2861ea54-fd7a-43c7-bae7-3a398dced10e,3ceb437a-1665-4913-8191-f0094deef8ab,2018-08-14T00:35:08.503000Z,BTC-USD,0.00450000,6189.37000000,buy
match,48780151,6585371925,946158d1-b03b-4a61-a463-9cf44ccdf90e,5c17b7ec-1715-411f-a270-0b5efb3971a8,2018-08-14T00:35:08.503000Z,BTC-USD,0.05000000,6188.59000000,buy
match,48780152,6585371927,4b3ce87e-88c9-4e15-917d-091ba4bca754,5c17b7ec-1715-411f-a270-0b5efb3971a8,2018-08-14T00:35:08.503000Z,BTC-USD,0.00100000,6188.13000000,buy
match,48780153,6585371929,a159f9e6-7493-4be5-a1db-c7856dff6006,5c17b7ec-1715-411f-a270-0b5efb3971a8,2018-08-14T00:35:08.503000Z,BTC-USD,0.00100000,6187.24000000,buy
match,48780154,6585371931,8ddc708c-7f9b-4cc9-b3ee-2fd08c8ed6bf,5c17b7ec-1715-411f-a270-0b5efb3971a8,2018-08-14T00:35:08.503000Z,BTC-USD,0.00100000,6187.18000000,buy
match,48780155,6585371933,003237f6-310a-41db-8a7d-0a3aa6bd9aef,5c17b7ec-1715-411f-a270-0b5efb3971a8,2018-08-14T00:35:08.503000Z,BTC-USD,0.12329875,6187.04000000,buy
match,48780156,6585371935,f759c0bb-9706-44fe-94f5-2945bc69916f,5c17b7ec-1715-411f-a270-0b5efb3971a8,2018-08-14T00:35:08.503000Z,BTC-USD,0.00100000,6187.03000000,buy
match,48780157,6585371937,50dc332a-6168-47d1-92ea-f47768b3f0da,5c17b7ec-1715-411f-a270-0b5efb3971a8,2018-08-14T00:35:08.503000Z,BTC-USD,0.00100000,6186.99000000,buy
match,48780158,6585371939,a738df39-68af-402c-88d2-78c0e70ab9c2,5c17b7ec-1715-411f-a270-0b5efb3971a8,2018-08-14T00:35:08.503000Z,BTC-USD,0.00125000,6186.75000000,buy
match,48780159,6585371941,63da9c5b-2871-479f-bdc5-253c4b3315fc,5c17b7ec-1715-411f-a270-0b5efb3971a8,2018-08-14T00:35:08.503000Z,BTC-USD,0.00100000,6186.35000000,buy
match,48780160,6585371943,39c5c85e-2d09-4f3b-871d-be872ff9ee5b,5c17b7ec-1715-411f-a270-0b5efb3971a8,2018-08-14T00:35:08.503000Z,BTC-USD,0.22000000,6186.07000000,buy
match,48780161,6585371945,2d31429d-ba26-444d-a791-1d4f7642046f,5c17b7ec-1715-411f-a270-0b5efb3971a8,2018-08-14T00:35:08.503000Z,BTC-USD,0.01430879,6186.04000000,buy
match,48780162,6585371947,877791f3-e2e5-4b98-a4ce-804e8c27738a,5c17b7ec-1715-411f-a270-0b5efb3971a8,2018-08-14T00:35:08.503000Z,BTC-USD,0.58514246,6185.70000000,buy
match,48780163,6585371950,877791f3-e2e5-4b98-a4ce-804e8c27738a,d1ec621f-66e3-4eed-b321-5ea7f2a58751,2018-08-14T00:35:08.503000Z,BTC-USD,0.01580000,6185.70000000,buy
match,48780164,6585371953,877791f3-e2e5-4b98-a4ce-804e8c27738a,0b73e689-f2dd-4f65-a797-f7f4a90b53d7,2018-08-14T00:35:08.503000Z,BTC-USD,0.50000000,6185.70000000,buy
match,48780165,6585372087,877791f3-e2e5-4b98-a4ce-804e8c27738a,30bdf94e-f50c-499e-ba58-72994c0847c2,2018-08-14T00:35:08.627000Z,BTC-USD,0.90905754,6185.70000000,buy
match,48780166,6585372089,772375fa-8def-4e9d-b9de-9f27be5c4083,30bdf94e-f50c-499e-ba58-72994c0847c2,2018-08-14T00:35:08.627000Z,BTC-USD,0.00100000,6185.54000000,buy
match,48780167,6585372091,4b9787af-1485-4546-820f-8b88d14cd7d9,30bdf94e-f50c-499e-ba58-72994c0847c2,2018-08-14T00:35:08.627000Z,BTC-USD,0.00100000,6185.54000000,buy
match,48780168,6585372093,8c36b924-f54e-440e-82e3-5fe1bdaea7fe,30bdf94e-f50c-499e-ba58-72994c0847c2,2018-08-14T00:35:08.627000Z,BTC-USD,0.00100000,6185.23000000,buy
match,48780169,6585372095,25dc4dd8-ad32-4002-9048-1c7bba9717b6,30bdf94e-f50c-499e-ba58-72994c0847c2,2018-08-14T00:35:08.627000Z,BTC-USD,0.00100000,6185.02000000,buy
match,48780170,6585372097,286dc1ea-190a-4d85-b6af-0191327abfa0,30bdf94e-f50c-499e-ba58-72994c0847c2,2018-08-14T00:35:08.627000Z,BTC-USD,0.05000000,6185.00000000,buy
match,48780171,6585372101,95157dd6-d36c-41cc-bf12-6f4ca9927809,0073ad2d-57c3-48bc-8888-d15d0d49e323,2018-08-14T00:35:08.627000Z,BTC-USD,0.00100000,6184.61000000,buy
match,48780172,6585372103,73641bff-7898-4220-8349-668280038c10,0073ad2d-57c3-48bc-8888-d15d0d49e323,2018-08-14T00:35:08.627000Z,BTC-USD,0.00450000,6184.37000000,buy
match,48780173,6585372105,9383e802-c1bc-47dc-b997-f8b215490f34,0073ad2d-57c3-48bc-8888-d15d0d49e323,2018-08-14T00:35:08.627000Z,BTC-USD,0.03620000,6184.26000000,buy
match,48780174,6585372107,6bf4f3dc-2253-4d89-b7be-202c345ef84b,0073ad2d-57c3-48bc-8888-d15d0d49e323,2018-08-14T00:35:08.627000Z,BTC-USD,0.00100000,6184.03000000,buy
match,48780175,6585372109,61f694bb-e6a1-4840-8874-53841ff30a8c,0073ad2d-57c3-48bc-8888-d15d0d49e323,2018-08-14T00:35:08.627000Z,BTC-USD,0.03515406,6184.00000000,buy
match,48780176,6585372194,c2d533e2-8f55-4787-baf8-4ec732fbf5d0,3e241753-59a5-44d6-bd7c-1958a91a402d,2018-08-14T00:35:08.701000Z,BTC-USD,0.00170000,6185.70000000,buy
match,48780177,6585372196,1fbaedb3-df90-4d2e-a638-cebcc8386c9d,3e241753-59a5-44d6-bd7c-1958a91a402d,2018-08-14T00:35:08.701000Z,BTC-USD,0.20000000,6185.70000000,buy
match,48780178,6585372664,7506a04c-eef5-4d27-9951-6ac0a8560b16,91bfca6c-3d9e-48d1-abcc-f46a77c922b6,2018-08-14T00:35:09.741000Z,BTC-USD,0.00450139,6184.01000000,sell
match,48780179,6585372894,7506a04c-eef5-4d27-9951-6ac0a8560b16,4d92898a-81b8-4daa-8f73-3d2016d787b2,2018-08-14T00:35:10.949000Z,BTC-USD,0.00530493,6184.01000000,sell
match,48780180,6585372971,61f694bb-e6a1-4840-8874-53841ff30a8c,4a6d7176-e562-4c5b-a886-147ec2fc955f,2018-08-14T00:35:11.308000Z,BTC-USD,0.24173551,6184.00000000,buy
match,48780181,6585373556,61f694bb-e6a1-4840-8874-53841ff30a8c,4d338bd5-df9c-4a73-beb9-63ef5a4a7fdc,2018-08-14T00:35:14.205000Z,BTC-USD,0.04919867,6184.00000000,buy
match,48780182,6585374432,7506a04c-eef5-4d27-9951-6ac0a8560b16,cf468064-c24b-464b-8425-4cef0e31cc15,2018-08-14T00:35:19.291000Z,BTC-USD,0.00249560,6184.01000000,sell
match,48780183,6585374526,7506a04c-eef5-4d27-9951-6ac0a8560b16,3630d00d-1b69-4b13-bc23-2667c6952067,2018-08-14T00:35:19.816000Z,BTC-USD,1.00000000,6184.01000000,sell
match,48780184,6585374543,69d7afb3-7782-49a5-b2ad-0bc97df23628,e79b5e4f-4562-4c8c-95dc-2e7e7cbfb7d3,2018-08-14T00:35:19.856000Z,BTC-USD,0.06000000,6184.01000000,sell
match,48780185,6585374545,64ab9bd3-dfdb-45d7-896d-02789b9aec2c,e79b5e4f-4562-4c8c-95dc-2e7e7cbfb7d3,2018-08-14T00:35:19.856000Z,BTC-USD,0.12000000,6184.01000000,sell
match,48780186,6585374547,c63744e6-6e4d-4e5b-83e6-542d559d958f,e79b5e4f-4562-4c8c-95dc-2e7e7cbfb7d3,2018-08-14T00:35:19.856000Z,BTC-USD,0.11000000,6184.01000000,sell
match,48780187,6585374549,a79170e1-4ce6-48ba-a495-6feb829431d7,e79b5e4f-4562-4c8c-95dc-2e7e7cbfb7d3,2018-08-14T00:35:19.856000Z,BTC-USD,0.01000000,6184.01000000,sell
match,48780188,6585374551,382395e9-7d72-4f6b-9529-bb4f0fd60895,e79b5e4f-4562-4c8c-95dc-2e7e7cbfb7d3,2018-08-14T00:35:19.856000Z,BTC-USD,0.01000000,6184.01000000,sell
match,48780189,6585374553,93b65dee-3e3b-4e32-9981-5a0665b66623,e79b5e4f-4562-4c8c-95dc-2e7e7cbfb7d3,2018-08-14T00:35:19.856000Z,BTC-USD,0.00547979,6184.01000000,sell
match,48780190,6585374555,8dcc782d-c8b6-4f33-bc76-63e088d93c75,e79b5e4f-4562-4c8c-95dc-2e7e7cbfb7d3,2018-08-14T00:35:19.856000Z,BTC-USD,0.15000000,6184.01000000,sell
match,48780191,6585374557,2f041f7b-e9b4-426b-aeb0-22801ed554b3,e79b5e4f-4562-4c8c-95dc-2e7e7cbfb7d3,2018-08-14T00:35:19.856000Z,BTC-USD,0.11377458,6184.01000000,sell
match,48780192,6585374559,249b7470-1f0c-4115-8372-9acaef964194,e79b5e4f-4562-4c8c-95dc-2e7e7cbfb7d3,2018-08-14T00:35:19.856000Z,BTC-USD,0.00186000,6184.01000000,sell
match,48780193,6585374561,53977f05-6c16-48fc-b489-d168d354fb4c,e79b5e4f-4562-4c8c-95dc-2e7e7cbfb7d3,2018-08-14T00:35:19.856000Z,BTC-USD,0.41888563,6184.01000000,sell
match,48780194,6585374577,53977f05-6c16-48fc-b489-d168d354fb4c,e5773f07-106c-4428-8341-ed047a73cdd7,2018-08-14T00:35:19.904000Z,BTC-USD,0.02725637,6184.01000000,sell
match,48780195,6585374579,c7e66ac2-16f2-48a4-9731-2b116a537a43,e5773f07-106c-4428-8341-ed047a73cdd7,2018-08-14T00:35:19.904000Z,BTC-USD,0.00100000,6184.01000000,sell
match,48780196,6585374581,d71cd8c2-66d0-4cd0-8389-83ff0fd80b04,e5773f07-106c-4428-8341-ed047a73cdd7,2018-08-14T00:35:19.904000Z,BTC-USD,0.01000000,6184.64000000,sell
match,48780197,6585374583,e7a9b90f-b82e-4071-b8e8-d2b443f603f6,e5773f07-106c-4428-8341-ed047a73cdd7,2018-08-14T00:35:19.904000Z,BTC-USD,0.50000000,6185.00000000,sell
match,48780198,6585374660,6d666f43-8acc-4032-9009-3ca20c9f7774,32a0eeea-3995-4e19-b7c6-9bb731332f39,2018-08-14T00:35:20.001000Z,BTC-USD,0.01000000,6185.26000000,sell
match,48780199,6585374662,afc5c0a7-ff27-4515-abcc-e49fdbff7fef,32a0eeea-3995-4e19-b7c6-9bb731332f39,2018-08-14T00:35:20.001000Z,BTC-USD,0.02415000,6185.57000000,sell
match,48780200,6585374666,afc5c0a7-ff27-4515-abcc-e49fdbff7fef,15b0cf56-16d4-4b08-9823-29461b8df0ba,2018-08-14T00:35:20.003000Z,BTC-USD,0.03315000,6185.57000000,sell
match,48780201,6585374712,34c9b5b8-3123-460b-bb1b-5a0ec8c1b902,7e94f08a-4671-45ff-884c-a62fc275462f,2018-08-14T00:35:20.065000Z,BTC-USD,0.02315000,6185.71000000,sell
match,48780202,6585374861,866f0a18-639c-4f98-a595-89430ddbf660,259e89b3-2276-4737-9f85-8cdb724b6a5a,2018-08-14T00:35:20.288000Z,BTC-USD,0.00100000,6186.15000000,sell
match,48780203,6585374863,871243c6-8e6f-413f-8c03-e6ba8124866c,259e89b3-2276-4737-9f85-8cdb724b6a5a,2018-08-14T00:35:20.288000Z,BTC-USD,0.00100000,6187.08000000,sell
match,48780204,6585374865,1b1840ff-d18f-4fe2-8875-874229d8f79e,259e89b3-2276-4737-9f85-8cdb724b6a5a,2018-08-14T00:35:20.288000Z,BTC-USD,0.00100000,6187.08000000,sell
match,48780205,6585374867,4a5caac3-49e2-4549-8fe1-6228a2039e70,259e89b3-2276-4737-9f85-8cdb724b6a5a,2018-08-14T00:35:20.288000Z,BTC-USD,0.01000000,6187.13000000,sell
match,48780206,6585374869,09a15ce3-ad18-48db-9421-fedb9af0d8ff,259e89b3-2276-4737-9f85-8cdb724b6a5a,2018-08-14T00:35:20.288000Z,BTC-USD,0.00247242,6190.00000000,sell
match,48780207,6585375353,6c448413-46ff-427e-8764-64978dbd5ba4,aeb822b0-c178-4268-abfa-e4a37f7183ca,2018-08-14T00:35:21.150000Z,BTC-USD,0.02315000,6188.11000000,buy
match,48780208,6585375397,2be762a0-1f91-4dc8-bd40-2518c0ad952c,598551bb-d621-467e-9ef6-16f6bbf7ec45,2018-08-14T00:35:21.218000Z,BTC-USD,0.14498738,6188.87000000,sell
match,48780209,6585375439,2be762a0-1f91-4dc8-bd40-2518c0ad952c,c901f43b-31d5-4c75-9984-33effa8446f0,2018-08-14T00:35:21.404000Z,BTC-USD,0.06575939,6188.87000000,sell
match,48780210,6585375856,edb93bb9-3914-4abe-9564-e11017e9df22,129b8dfa-1387-4a0f-82a9-8ceff8c5addf,2018-08-14T00:35:22.377000Z,BTC-USD,0.05872542,6188.15000000,sell
match,48780211,6585375956,329ecac3-3ae4-4ddd-b07b-9bc10619faef,89c0df99-a2eb-44dc-aa7f-174520f648b5,2018-08-14T00:35:22.875000Z,BTC-USD,0.00553851,6188.14000000,buy
match,48780212,6585375958,a613dea1-cd68-4748-9913-871f431476ba,89c0df99-a2eb-44dc-aa7f-174520f648b5,2018-08-14T00:35:22.875000Z,BTC-USD,0.20000000,6188.14000000,buy
match,48780213,6585375960,f4a57e36-369a-4e49-8d3e-e88051a7c373,89c0df99-a2eb-44dc-aa7f-174520f648b5,2018-08-14T00:35:22.875000Z,BTC-USD,0.01000000,6186.90000000,buy
match,48780214,6585375962,ece8bb5d-d612-4016-bab2-1ac9932ab284,89c0df99-a2eb-44dc-aa7f-174520f648b5,2018-08-14T00:35:22.875000Z,BTC-USD,0.59671423,6186.15000000,buy
match,48780215,6585376706,4db8d681-2e39-4d9e-89b9-4dd51265a0dd,39dce6ec-7ace-4f74-ad5d-8f4a301c0548,2018-08-14T00:35:24.576000Z,BTC-USD,0.00899000,6184.91000000,sell
match,48780216,6585377456,ff498625-bc15-4a8f-9f55-cbc187a01c72,476f1c45-d575-488c-b5ee-53126988c3c1,2018-08-14T00:35:27.599000Z,BTC-USD,0.00140000,6186.95000000,buy
match,48780217,6585377516,1cacd9e6-a046-422d-b296-be186c7f0702,7b073fa5-04e8-46fb-aeeb-5521889b4bcc,2018-08-14T00:35:27.921000Z,BTC-USD,0.00100000,6186.96000000,sell
match,48780218,6585377518,f21ef1e3-3556-4ab5-8878-c9765eb9e526,7b073fa5-04e8-46fb-aeeb-5521889b4bcc,2018-08-14T00:35:27.921000Z,BTC-USD,0.12278257,6186.96000000,sell
match,48780219,6585377724,0f89359a-8ef1-4ffd-ab48-f2d2356a6399,0fc2c952-9da2-49e7-a09e-c3bcc9ed8079,2018-08-14T00:35:28.744000Z,BTC-USD,0.06229961,6187.31000000,buy
match,48780220,6585377726,9cefb39c-2fcb-435e-a2b5-c0865ea1c9d0,0fc2c952-9da2-49e7-a09e-c3bcc9ed8079,2018-08-14T00:35:28.744000Z,BTC-USD,0.25000000,6187.31000000,buy
match,48780221,6585377728,298d002c-8401-44a1-802e-25b09d3317c9,0fc2c952-9da2-49e7-a09e-c3bcc9ed8079,2018-08-14T00:35:28.744000Z,BTC-USD,2.20744557,6187.31000000,buy
match,48780222,6585377897,47f9df2d-83fb-40ee-bbc8-643ec6364b19,c58ac806-9ffc-442b-85c3-5baf5d87c9fc,2018-08-14T00:35:29.525000Z,BTC-USD,0.01100000,6187.32000000,sell
match,48780223,6585377899,dd70c076-d306-4c18-a659-e029a2cf409e,c58ac806-9ffc-442b-85c3-5baf5d87c9fc,2018-08-14T00:35:29.525000Z,BTC-USD,0.06819369,6187.32000000,sell
match,48780224,6585378235,7ba708b6-3048-4be6-9ba3-e6686b84cf60,e5f0cdd2-3a91-4f12-91aa-50ae1d08eb36,2018-08-14T00:35:30.541000Z,BTC-USD,0.02315000,6187.87000000,buy
match,48780225,6585379579,93dce292-5d3c-4836-9d78-69febeedb2b0,37c5f4f8-d5fa-4d86-80a7-79b33605a8dc,2018-08-14T00:35:36.862000Z,BTC-USD,0.00100000,6187.88000000,sell
match,48780226,6585379581,b5ad8343-01ef-49ae-8928-d64b4431b535,37c5f4f8-d5fa-4d86-80a7-79b33605a8dc,2018-08-14T00:35:36.862000Z,BTC-USD,0.00600000,6187.88000000,sell
match,48780227,6585379583,893b86e6-ac4f-4b35-b971-d115440be061,37c5f4f8-d5fa-4d86-80a7-79b33605a8dc,2018-08-14T00:35:36.862000Z,BTC-USD,0.00103849,6187.88000000,sell
match,48780228,6585379596,893b86e6-ac4f-4b35-b971-d115440be061,cb833081-ded3-4176-aeaa-c9b3f2f47133,2018-08-14T00:35:36.897000Z,BTC-USD,0.00112684,6187.88000000,sell
match,48780229,6585379801,f931200f-cc2d-483b-9938-0aa57a832607,8ae258c2-26b9-4019-b259-af30d6e4761a,2018-08-14T00:35:37.679000Z,BTC-USD,0.00100000,6187.88000000,sell
match,48780230,6585379803,71dc0b1e-0d9a-4717-bf24-ed0cf2c3e797,8ae258c2-26b9-4019-b259-af30d6e4761a,2018-08-14T00:35:37.679000Z,BTC-USD,0.00511103,6187.88000000,sell
match,48780231,6585379845,71dc0b1e-0d9a-4717-bf24-ed0cf2c3e797,6d227791-95f3-47b4-a344-cac2d8fadd63,2018-08-14T00:35:38.000000Z,BTC-USD,0.33549497,6187.88000000,sell
match,48780232,6585379847,0a37c95f-5ee9-4e7d-8574-8c8b6a396590,6d227791-95f3-47b4-a344-cac2d8fadd63,2018-08-14T00:35:38.000000Z,BTC-USD,0.00178000,6187.88000000,sell
match,48780233,6585379849,bfe56bc3-0af2-4d49-a8a6-0599af561802,6d227791-95f3-47b4-a344-cac2d8fadd63,2018-08-14T00:35:38.000000Z,BTC-USD,0.04322328,6187.88000000,sell
match,48780234,6585380054,92af9d43-8a31-4a9a-be6f-d26e0c3ab875,e9d5d5a7-43c9-4aa7-b425-f0d33214fa6d,2018-08-14T00:35:38.596000Z,BTC-USD,0.00193000,6187.88000000,sell
match,48780235,6585380056,f7062671-b392-46ab-82b2-23eff5244c21,e9d5d5a7-43c9-4aa7-b425-f0d33214fa6d,2018-08-14T00:35:38.596000Z,BTC-USD,0.00100000,6187.88000000,sell
match,48780236,6585380058,6e35a0f4-7e64-4be9-9810-0276c5743cb0,e9d5d5a7-43c9-4aa7-b425-f0d33214fa6d,2018-08-14T00:35:38.596000Z,BTC-USD,0.00478859,6187.88000000,sell
match,48780237,6585380217,29024347-159b-4715-9325-a4363a567e25,4b807060-fbb3-4367-8bb0-9f1c1f78b853,2018-08-14T00:35:39.228000Z,BTC-USD,0.01010000,6187.87000000,buy
match,48780238,6585380403,cae45556-98f6-49e4-aaeb-8e95095681a6,8d126160-0a67-402d-8472-795e3e3bf995,2018-08-14T00:35:39.656000Z,BTC-USD,0.00191000,6187.88000000,sell
match,48780239,6585380405,b7ae2674-dcff-4ad0-a132-d94a1290f5ab,8d126160-0a67-402d-8472-795e3e3bf995,2018-08-14T00:35:39.656000Z,BTC-USD,0.00580747,6187.88000000,sell
match,48780240,6585380584,d5c72804-783f-4552-90e6-b2170701c5d2,62b1f34c-4d73-453a-a116-a1df35b97fc6,2018-08-14T00:35:40.415000Z,BTC-USD,0.02086958,6187.88000000,sell
match,48780241,6585380595,68da4c93-fca4-42ea-a4f1-846e1ad4e052,b6629598-8abc-4f0d-aced-ca4235e8bd66,2018-08-14T00:35:40.453000Z,BTC-USD,0.02315000,6187.87000000,buy
match,48780242,6585380844,68da4c93-fca4-42ea-a4f1-846e1ad4e052,a10b7d16-2482-4810-82ff-7cdd90df65fb,2018-08-14T00:35:41.483000Z,BTC-USD,0.10685000,6187.87000000,buy
match,48780243,6585380846,e07ec174-029f-4f0b-ab9b-1693659387cb,a10b7d16-2482-4810-82ff-7cdd90df65fb,2018-08-14T00:35:41.483000Z,BTC-USD,0.20000000,6187.87000000,buy
match,48780244,6585380848,156a2017-b7b4-41c7-bc45-e260b7a8ce30,a10b7d16-2482-4810-82ff-7cdd90df65fb,2018-08-14T00:35:41.483000Z,BTC-USD,0.00152000,6187.87000000,buy
match,48780245,6585380850,b9ca373f-fe98-4786-bb17-668a484cc45c,a10b7d16-2482-4810-82ff-7cdd90df65fb,2018-08-14T00:35:41.483000Z,BTC-USD,0.01100000,6187.86000000,buy
match,48780246,6585380852,5ae79d60-3adb-43c4-af40-d424206d4962,a10b7d16-2482-4810-82ff-7cdd90df65fb,2018-08-14T00:35:41.483000Z,BTC-USD,0.11100000,6187.78000000,buy
match,48780247,6585380854,46dbbfb4-8c4e-41fd-b064-9dcf879fca52,a10b7d16-2482-4810-82ff-7cdd90df65fb,2018-08-14T00:35:41.483000Z,BTC-USD,0.00100000,6187.70000000,buy
match,48780248,6585380856,b7a08fb5-bbc5-4c91-bde1-f669019106f0,a10b7d16-2482-4810-82ff-7cdd90df65fb,2018-08-14T00:35:41.483000Z,BTC-USD,0.38072295,6187.31000000,buy
match,48780249,6585381545,55226686-4526-4ecd-86a6-62efe15c442f,2c0ad8bf-b0df-4e22-a476-9ddd5e4adee1,2018-08-14T00:35:45.475000Z,BTC-USD,0.00771859,6187.32000000,sell
match,48780250,6585381833,55226686-4526-4ecd-86a6-62efe15c442f,2d25ef51-503a-48d7-8652-81220fd3b0e9,2018-08-14T00:35:47.266000Z,BTC-USD,1.01367936,6187.32000000,sell
match,48780251,6585382183,55226686-4526-4ecd-86a6-62efe15c442f,f0668f99-9da6-4896-a2c0-5ad2b6e4b8ca,2018-08-14T00:35:49.498000Z,BTC-USD,0.12800000,6187.32000000,sell
match,48780252,6585382252,7106388c-3799-48a8-84ed-bf1ef7da3264,2288cc14-cf84-408e-a92b-cd272ce95140,2018-08-14T00:35:49.918000Z,BTC-USD,0.10000000,6187.31000000,buy
match,48780253,6585382254,96dadae2-fdde-4720-bf73-5e65ad66f2dd,2288cc14-cf84-408e-a92b-cd272ce95140,2018-08-14T00:35:49.918000Z,BTC-USD,0.00172000,6187.31000000,buy
match,48780254,6585382256,ef2aaf1e-af16-4768-aec5-f1a290edb9b9,2288cc14-cf84-408e-a92b-cd272ce95140,2018-08-14T00:35:49.918000Z,BTC-USD,0.01888000,6187.31000000,buy
match,48780255,6585382369,02318003-6811-49e4-b58f-74ef624e6993,200cee07-235c-47ff-9c62-9a48657a6d3b,2018-08-14T00:35:50.270000Z,BTC-USD,0.11100000,6187.28000000,buy
match,48780256,6585382371,82866c11-45b8-49d4-be3d-7102e5c9bf6d,200cee07-235c-47ff-9c62-9a48657a6d3b,2018-08-14T00:35:50.270000Z,BTC-USD,0.00100000,6187.25000000,buy
match,48780257,6585382373,ff137189-25bf-4376-9101-e000c6553d91,200cee07-235c-47ff-9c62-9a48657a6d3b,2018-08-14T00:35:50.270000Z,BTC-USD,0.01000000,6186.04000000,buy
match,48780258,6585382375,61f694bb-e6a1-4840-8874-53841ff30a8c,200cee07-235c-47ff-9c62-9a48657a6d3b,2018-08-14T00:35:50.270000Z,BTC-USD,0.67391176,6184.00000000,buy
match,48780259,6585382377,d0c5fd01-df73-453b-8de2-662ba29a6891,200cee07-235c-47ff-9c62-9a48657a6d3b,2018-08-14T00:35:50.270000Z,BTC-USD,0.00631321,6184.00000000,buy
match,48780260,6585382379,e0d45c77-a6dc-49de-9d67-21d77685bb6a,200cee07-235c-47ff-9c62-9a48657a6d3b,2018-08-14T00:35:50.270000Z,BTC-USD,0.00110000,6184.00000000,buy
match,48780261,6585382381,3e6de55a-fe80-4d13-aeb2-9e31f108f4ac,200cee07-235c-47ff-9c62-9a48657a6d3b,2018-08-14T00:35:50.270000Z,BTC-USD,0.19667503,6184.00000000,buy
match,48780262,6585383114,3e6de55a-fe80-4d13-aeb2-9e31f108f4ac,03c10888-5445-4989-b4a2-74b4ed76d3d8,2018-08-14T00:35:54.270000Z,BTC-USD,0.40975281,6184.00000000,buy
match,48780263,6585383116,1bf6cd50-b01e-45f5-9cbd-f7a91ea24621,03c10888-5445-4989-b4a2-74b4ed76d3d8,2018-08-14T00:35:54.270000Z,BTC-USD,0.00193000,6184.00000000,buy
match,48780264,6585383118,124b42c3-dcd3-4fb8-b8bd-b66c3918f457,03c10888-5445-4989-b4a2-74b4ed76d3d8,2018-08-14T00:35:54.270000Z,BTC-USD,0.00734245,6184.00000000,buy
match,48780265,6585383120,4ed7160a-f0eb-4ac0-bbf1-f0f05ff43e1f,03c10888-5445-4989-b4a2-74b4ed76d3d8,2018-08-14T00:35:54.270000Z,BTC-USD,0.10700000,6184.00000000,buy
match,48780266,6585383122,c899bcf4-9149-43de-ac8e-236240fe0e5f,03c10888-5445-4989-b4a2-74b4ed76d3d8,2018-08-14T00:35:54.270000Z,BTC-USD,0.02200000,6183.99000000,buy
match,48780267,6585383124,3175ae7b-f7ab-4428-8e9f-994fefa6aa23,03c10888-5445-4989-b4a2-74b4ed76d3d8,2018-08-14T00:35:54.270000Z,BTC-USD,0.00100100,6183.95000000,buy
match,48780268,6585383126,2a614184-99cc-4886-a155-0aba8d82aa8e,03c10888-5445-4989-b4a2-74b4ed76d3d8,2018-08-14T00:35:54.270000Z,BTC-USD,0.20340000,6183.95000000,buy
match,48780269,6585383128,ddeba179-e6c6-4c97-b2ba-8bb830740e57,03c10888-5445-4989-b4a2-74b4ed76d3d8,2018-08-14T00:35:54.270000Z,BTC-USD,0.00100000,6183.34000000,buy
match,48780270,6585383130,f15cbe38-84b8-4c20-aa1f-6018f8d4293c,03c10888-5445-4989-b4a2-74b4ed76d3d8,2018-08-14T00:35:54.270000Z,BTC-USD,0.10000000,6183.00000000,buy
match,48780271,6585383132,773396f8-5ae4-4dae-8d13-f4d3e8f83f33,03c10888-5445-4989-b4a2-74b4ed76d3d8,2018-08-14T00:35:54.270000Z,BTC-USD,0.00100000,6182.78000000,buy
match,48780272,6585383134,398274c4-07c8-4fd4-9fcb-02743ad22bc4,03c10888-5445-4989-b4a2-74b4ed76d3d8,2018-08-14T00:35:54.270000Z,BTC-USD,0.01000000,6182.76000000,buy
match,48780273,6585383136,49618f3e-2204-46fa-861d-f7c95798fe94,03c10888-5445-4989-b4a2-74b4ed76d3d8,2018-08-14T00:35:54.270000Z,BTC-USD,0.00833333,6182.70000000,buy
match,48780274,6585383138,d9125eef-67ca-4ea1-a88e-d2e6d1d5a434,03c10888-5445-4989-b4a2-74b4ed76d3d8,2018-08-14T00:35:54.270000Z,BTC-USD,0.10000000,6182.51000000,buy
match,48780275,6585383140,ae69e97f-309b-40a6-a157-d76c54894b19,03c10888-5445-4989-b4a2-74b4ed76d3d8,2018-08-14T00:35:54.270000Z,BTC-USD,0.02724041,6182.34000000,buy
match,48780276,6585383253,42708750-72dd-4384-b690-9c5805afc7f1,61302982-3604-4ef0-8e5c-622cb11cf692,2018-08-14T00:35:54.963000Z,BTC-USD,0.68728350,6182.35000000,sell
match,48780277,6585383388,d33648f5-ac1e-49bf-9e97-43de044bf856,ba38d336-b73e-4b40-aa5f-989c591b3123,2018-08-14T00:35:56.437000Z,BTC-USD,0.00100000,6184.01000000,sell
match,48780278,6585383390,567f6e28-e974-4ef9-8050-f32904bab758,ba38d336-b73e-4b40-aa5f-989c591b3123,2018-08-14T00:35:56.437000Z,BTC-USD,0.00012793,6184.64000000,sell
match,48780279,6585383608,84edc32c-a0ef-4a76-9b6f-e6e8c02a8a18,3c82ac05-979c-4d1d-aa9b-e8b7179143c2,2018-08-14T00:35:58.511000Z,BTC-USD,1.00000000,6184.63000000,buy
match,48780280,6585383768,84edc32c-a0ef-4a76-9b6f-e6e8c02a8a18,a8991c98-b070-427c-808f-83a6210b01bc,2018-08-14T00:36:00.993000Z,BTC-USD,0.01061862,6184.63000000,buy
match,48780281,6585383881,567f6e28-e974-4ef9-8050-f32904bab758,b0fab736-61f7-4e64-a038-7d65f9a2ef85,2018-08-14T00:36:01.940000Z,BTC-USD,0.02302207,6184.64000000,sell
match,48780282,6585383883,2564b54c-1be0-4845-8645-28714d531ec2,b0fab736-61f7-4e64-a038-7d65f9a2ef85,2018-08-14T00:36:01.940000Z,BTC-USD,0.00144466,6184.64000000,sell
match,48780283,6585383885,e349f6e6-5f06-4af8-ac25-9c7f044c6888,b0fab736-61f7-4e64-a038-7d65f9a2ef85,2018-08-14T00:36:01.940000Z,BTC-USD,0.00197000,6184.64000000,sell
match,48780284,6585383887,30310612-ab06-4b2c-ae54-38f839ec05a3,b0fab736-61f7-4e64-a038-7d65f9a2ef85,2018-08-14T00:36:01.940000Z,BTC-USD,0.00100000,6184.64000000,sell
match,48780285,6585383889,9220d553-2028-409a-afb6-d5ed51715a0e,b0fab736-61f7-4e64-a038-7d65f9a2ef85,2018-08-14T00:36:01.940000Z,BTC-USD,0.00100000,6184.73000000,sell
match,48780286,6585383891,9482b775-7785-426d-8356-9862c6fdcc4f,b0fab736-61f7-4e64-a038-7d65f9a2ef85,2018-08-14T00:36:01.940000Z,BTC-USD,0.02100000,6184.95000000,sell
match,48780287,6585383893,b5449a22-8357-4e40-a976-6572c1ee460a,b0fab736-61f7-4e64-a038-7d65f9a2ef85,2018-08-14T00:36:01.940000Z,BTC-USD,0.01000000,6185.89000000,sell
match,48780288,6585383895,fda2d560-3b9d-4507-93bd-5e14d498fd14,b0fab736-61f7-4e64-a038-7d65f9a2ef85,2018-08-14T00:36:01.940000Z,BTC-USD,0.11100000,6187.51000000,sell
match,48780289,6585383897,4d4181c9-492d-401e-bd78-fe820b651eba,b0fab736-61f7-4e64-a038-7d65f9a2ef85,2018-08-14T00:36:01.940000Z,BTC-USD,0.00100000,6187.68000000,sell
match,48780290,6585383899,40ebda0e-6ada-4e0c-ba50-62f8ab206968,b0fab736-61f7-4e64-a038-7d65f9a2ef85,2018-08-14T00:36:01.940000Z,BTC-USD,0.07426327,6187.87000000,sell
match,48780291,6585384076,0b499deb-5e68-4af1-b15a-dd8964bdcf56,41c234c4-39e1-4de9-a32a-b7e0ca52ed10,2018-08-14T00:36:02.710000Z,BTC-USD,1.00000000,6187.86000000,buy
match,48780292,6585384309,0b499deb-5e68-4af1-b15a-dd8964bdcf56,c4f3d14d-5004-490a-bfed-17be6748f503,2018-08-14T00:36:03.593000Z,BTC-USD,0.02315000,6187.86000000,buy
match,48780293,6585384752,40ebda0e-6ada-4e0c-ba50-62f8ab206968,afee22b8-8f8c-402a-a78f-aa4a88fd6e21,2018-08-14T00:36:05.906000Z,BTC-USD,0.09995284,6187.87000000,sell
match,48780294,6585384754,31c15bd0-79df-485f-8587-c2a20e6e570c,afee22b8-8f8c-402a-a78f-aa4a88fd6e21,2018-08-14T00:36:05.906000Z,BTC-USD,0.00728686,6187.87000000,sell
match,48780295,6585384756,9057e4d0-5731-4e15-91cd-6dd78ee18c6a,afee22b8-8f8c-402a-a78f-aa4a88fd6e21,2018-08-14T00:36:05.906000Z,BTC-USD,0.01100000,6187.92000000,sell
match,48780296,6585384758,a4a26e23-a960-43dd-8370-ca48151ffe31,afee22b8-8f8c-402a-a78f-aa4a88fd6e21,2018-08-14T00:36:05.906000Z,BTC-USD,0.76791445,6188.00000000,sell
match,48780297,6585384760,bea3e8f1-9c85-449a-88ee-cd1e588b8e3a,afee22b8-8f8c-402a-a78f-aa4a88fd6e21,2018-08-14T00:36:05.906000Z,BTC-USD,0.11384585,6188.00000000,sell
match,48780298,6585384810,dcd59a18-e31c-429f-80ac-137cfe276231,84744390-d8dd-4f50-beb3-669409eef4cd,2018-08-14T00:36:05.976000Z,BTC-USD,1.00000000,6187.99000000,buy
match,48780299,6585385279,bea3e8f1-9c85-449a-88ee-cd1e588b8e3a,5b0db7e8-8d27-4dce-ba4c-dd42ef276d70,2018-08-14T00:36:07.425000Z,BTC-USD,0.06615415,6188.00000000,sell
match,48780300,6585385281,decb78cd-7023-47bb-8432-5037080cf693,5b0db7e8-8d27-4dce-ba4c-dd42ef276d70,2018-08-14T00:36:07.425000Z,BTC-USD,0.50000000,6188.00000000,sell
match,48780301,6585385283,3b91b20b-efe1-43fe-a3f8-b70eff44eceb,5b0db7e8-8d27-4dce-ba4c-dd42ef276d70,2018-08-14T00:36:07.425000Z,BTC-USD,0.00100000,6188.00000000,sell
match,48780302,6585385285,bb2693e7-902f-4f3b-b1b2-3bead116f01f,5b0db7e8-8d27-4dce-ba4c-dd42ef276d70,2018-08-14T00:36:07.425000Z,BTC-USD,0.00100000,6188.14000000,sell
match,48780303,6585385287,37f4b79f-a85b-42f7-aba3-7e6f164659b8,5b0db7e8-8d27-4dce-ba4c-dd42ef276d70,2018-08-14T00:36:07.425000Z,BTC-USD,0.00100000,6188.31000000,sell
match,48780304,6585385289,5f9afd6a-cda8-47c6-8b39-59e6b23a9b7e,5b0db7e8-8d27-4dce-ba4c-dd42ef276d70,2018-08-14T00:36:07.425000Z,BTC-USD,0.01000000,6189.25000000,sell
match,48780305,6585385291,28adb1c2-3131-48a5-803f-4f6c15513c7a,5b0db7e8-8d27-4dce-ba4c-dd42ef276d70,2018-08-14T00:36:07.425000Z,BTC-USD,0.00100000,6189.66000000,sell
match,48780306,6585385293,aef2e2e4-df18-4d1e-90f2-dd3f0783612f,5b0db7e8-8d27-4dce-ba4c-dd42ef276d70,2018-08-14T00:36:07.425000Z,BTC-USD,0.00100000,6189.99000000,sell
match,48780307,6585385295,f8c15bf4-c0c5-4f3e-82e4-ad185e6b592b,5b0db7e8-8d27-4dce-ba4c-dd42ef276d70,2018-08-14T00:36:07.425000Z,BTC-USD,1.41884585,6190.00000000,sell
match,48780308,6585385401,24c2307a-5de9-41b2-951d-689aef818b10,d8e2c357-55be-4896-972a-13dd15b15c08,2018-08-14T00:36:07.605000Z,BTC-USD,1.68870000,6189.99000000,buy
match,48780309,6585385403,8e3ebfaa-dc3a-472d-902c-eb2901873983,d8e2c357-55be-4896-972a-13dd15b15c08,2018-08-14T00:36:07.605000Z,BTC-USD,0.10130000,6189.99000000,buy
match,48780310,6585385476,8e3ebfaa-dc3a-472d-902c-eb2901873983,e8ddfa15-58a1-465e-8f36-c3ea9beda038,2018-08-14T00:36:07.724000Z,BTC-USD,0.03302456,6189.99000000,buy
match,48780311,6585385563,f8c15bf4-c0c5-4f3e-82e4-ad185e6b592b,1877d036-bd72-4c7f-babb-339f984c7871,2018-08-14T00:36:07.987000Z,BTC-USD,0.01624636,6190.00000000,sell
match,48780312,6585385752,f8c15bf4-c0c5-4f3e-82e4-ad185e6b592b,a3724d06-f1ed-43ac-a1a7-093e81e2745b,2018-08-14T00:36:09.202000Z,BTC-USD,0.01547084,6190.00000000,sell
match,48780313,6585385836,f8c15bf4-c0c5-4f3e-82e4-ad185e6b592b,efda4a79-90c6-4ecf-81d7-8024f4637a0f,2018-08-14T00:36:09.656000Z,BTC-USD,0.03329022,6190.00000000,sell
match,48780314,6585386123,f8c15bf4-c0c5-4f3e-82e4-ad185e6b592b,176299e3-abb9-4ee1-95f9-c384ec13d4fa,2018-08-14T00:36:11.099000Z,BTC-USD,0.56440378,6190.00000000,sell
match,48780315,6585386166,f8c15bf4-c0c5-4f3e-82e4-ad185e6b592b,15e6a40e-c093-4527-8ccd-7bc06d6a67bb,2018-08-14T00:36:11.426000Z,BTC-USD,1.05174295,6190.00000000,sell
match,48780316,6585386168,a4e0988e-468f-4413-887f-1a35db0b3805,15e6a40e-c093-4527-8ccd-7bc06d6a67bb,2018-08-14T00:36:11.426000Z,BTC-USD,0.00128000,6190.00000000,sell
match,48780317,6585386170,2035bb23-46d0-4335-bcce-26d871828671,15e6a40e-c093-4527-8ccd-7bc06d6a67bb,2018-08-14T00:36:11.426000Z,BTC-USD,0.00110000,6190.00000000,sell
match,48780318,6585386172,63ccbbb8-1aa3-4c3e-b39b-8cb9914fade9,15e6a40e-c093-4527-8ccd-7bc06d6a67bb,2018-08-14T00:36:11.426000Z,BTC-USD,0.00380249,6190.00000000,sell
match,48780319,6585386174,035f5f20-0032-477f-8486-0a30f1a712aa,15e6a40e-c093-4527-8ccd-7bc06d6a67bb,2018-08-14T00:36:11.426000Z,BTC-USD,0.01200000,6190.09000000,sell
match,48780320,6585386176,f86e0dd5-2155-4aa2-bf55-3ee0603cbcf2,15e6a40e-c093-4527-8ccd-7bc06d6a67bb,2018-08-14T00:36:11.426000Z,BTC-USD,0.00100000,6190.17000000,sell
match,48780321,6585386304,6b44ecab-c6b5-4560-8ea8-8612f28175c4,4da4d580-e146-44a8-a7dd-b8dca6c36c76,2018-08-14T00:36:11.582000Z,BTC-USD,0.00200000,6190.96000000,sell
match,48780322,6585386322,d4f003d6-a925-4d7d-9d98-d2ac4bd83995,a72d1e9e-8181-4ce7-8332-0a650fdc5aa5,2018-08-14T00:36:11.615000Z,BTC-USD,0.05355640,6190.95000000,buy
match,48780323,6585386862,6b44ecab-c6b5-4560-8ea8-8612f28175c4,5e0e20e5-2a54-4870-b738-6b15244b002b,2018-08-14T00:36:13.645000Z,BTC-USD,0.00699000,6190.96000000,sell
match,48780324,6585386864,03124164-827f-4384-9286-316bac259735,5e0e20e5-2a54-4870-b738-6b15244b002b,2018-08-14T00:36:13.645000Z,BTC-USD,0.00106000,6190.96000000,sell
match,48780325,6585386866,bef28ab7-487e-4534-9076-5c12b7073dce,5e0e20e5-2a54-4870-b738-6b15244b002b,2018-08-14T00:36:13.645000Z,BTC-USD,0.00216000,6190.96000000,sell
match,48780326,6585386884,bef28ab7-487e-4534-9076-5c12b7073dce,b0cb944b-af3f-4818-af3e-b2aa2f955e87,2018-08-14T00:36:13.682000Z,BTC-USD,0.00000374,6190.96000000,sell
match,48780327,6585386886,f7c29bd1-57bf-4c02-917c-6c2924f7758d,b0cb944b-af3f-4818-af3e-b2aa2f955e87,2018-08-14T00:36:13.682000Z,BTC-USD,0.04999626,6191.00000000,sell
match,48780328,6585386933,f7c29bd1-57bf-4c02-917c-6c2924f7758d,db57f520-0eb7-4bd0-82bc-5111bbbf3e60,2018-08-14T00:36:13.801000Z,BTC-USD,0.00000374,6191.00000000,sell
match,48780329,6585386935,53b8e5d7-e45e-42e1-8db1-b1fcd369ca06,db57f520-0eb7-4bd0-82bc-5111bbbf3e60,2018-08-14T00:36:13.801000Z,BTC-USD,0.00100000,6191.63000000,sell
match,48780330,6585386937,cabaae49-59d0-44fc-b7d0-3552df188ef3,db57f520-0eb7-4bd0-82bc-5111bbbf3e60,2018-08-14T00:36:13.801000Z,BTC-USD,0.01406578,6196.96000000,sell
match,48780331,6585386953,6f2e4bbc-2dbe-4347-816c-d5ddc78f3f53,3bcfe778-a012-40d3-a20a-954735b996e0,2018-08-14T00:36:13.813000Z,BTC-USD,0.00100000,6191.00000000,sell
match,48780332,6585386956,6f2e4bbc-2dbe-4347-816c-d5ddc78f3f53,2b285e63-6a4b-4d8b-80ac-c00ab456b7a5,2018-08-14T00:36:13.815000Z,BTC-USD,0.00099000,6191.00000000,sell
match,48780333,6585387021,1c1a5abf-0e2b-4a22-92eb-4c9e00532b89,0f647563-0dbd-4207-8936-f1252935267a,2018-08-14T00:36:13.875000Z,BTC-USD,0.01000000,6192.25000000,sell
match,48780334,6585387457,179ac5b1-c20e-4f72-82a0-4a0898793a3e,b9a77cc2-b06a-4cd1-9c13-79a9a5b52297,2018-08-14T00:36:15.031000Z,BTC-USD,0.02190000,6196.95000000,buy
match,48780335,6585387473,cabaae49-59d0-44fc-b7d0-3552df188ef3,b9ebf8f1-8ac7-4b0a-aeb5-b73705905d76,2018-08-14T00:36:15.063000Z,BTC-USD,0.03166880,6196.96000000,sell
match,48780336,6585387520,cabaae49-59d0-44fc-b7d0-3552df188ef3,a28f0a8f-c0cf-4a51-b79e-a74275fcf7e0,2018-08-14T00:36:15.300000Z,BTC-USD,0.01560760,6196.96000000,sell
match,48780337,6585387710,cabaae49-59d0-44fc-b7d0-3552df188ef3,5c0c3b25-7a33-4931-9d2b-6f0fedc3ff28,2018-08-14T00:36:15.998000Z,BTC-USD,0.09615782,6196.96000000,sell
match,48780338,6585387712,17299f1f-b6c7-4967-9c6c-0ae89805ac14,5c0c3b25-7a33-4931-9d2b-6f0fedc3ff28,2018-08-14T00:36:15.998000Z,BTC-USD,0.00130485,6196.96000000,sell
match,48780339,6585387714,04a8e8fc-1689-4bed-a13f-007d074134b4,5c0c3b25-7a33-4931-9d2b-6f0fedc3ff28,2018-08-14T00:36:15.998000Z,BTC-USD,0.00106000,6196.96000000,sell
match,48780340,6585387716,5a1968c2-0a4c-4a92-b3e1-219bca1fbd65,5c0c3b25-7a33-4931-9d2b-6f0fedc3ff28,2018-08-14T00:36:15.998000Z,BTC-USD,0.01350920,6196.96000000,sell
match,48780341,6585387763,62a7fea0-19e0-49a2-96ba-0d1e84ea8445,565f2953-c4e5-454b-9a33-1d5db01e357d,2018-08-14T00:36:16.057000Z,BTC-USD,1.83460000,6197.94000000,buy
match,48780342,6585387765,3440d3be-d59c-4c8d-95d0-aad6cdf3588a,565f2953-c4e5-454b-9a33-1d5db01e357d,2018-08-14T00:36:16.057000Z,BTC-USD,0.02405000,6197.94000000,buy
match,48780343,6585387767,98bf0a64-1253-4146-a467-518cfc7f142a,565f2953-c4e5-454b-9a33-1d5db01e357d,2018-08-14T00:36:16.057000Z,BTC-USD,3.70000000,6197.94000000,buy
match,48780344,6585387769,316b755d-9b44-4380-83c0-8c30c6e104ea,565f2953-c4e5-454b-9a33-1d5db01e357d,2018-08-14T00:36:16.057000Z,BTC-USD,0.10000000,6196.96000000,buy
match,48780345,6585387771,31281df1-d1f8-4369-be63-50ac4c22225c,565f2953-c4e5-454b-9a33-1d5db01e357d,2018-08-14T00:36:16.057000Z,BTC-USD,0.60000000,6196.96000000,buy
match,48780346,6585387773,179ac5b1-c20e-4f72-82a0-4a0898793a3e,565f2953-c4e5-454b-9a33-1d5db01e357d,2018-08-14T00:36:16.057000Z,BTC-USD,2.47810000,6196.95000000,buy
match,48780347,6585387775,2e2ece6e-88b4-4687-a934-00139dd523e6,565f2953-c4e5-454b-9a33-1d5db01e357d,2018-08-14T00:36:16.057000Z,BTC-USD,1.00000000,6196.95000000,buy
match,48780348,6585387777,2934e726-37cd-4649-8e9b-038931d90f4f,565f2953-c4e5-454b-9a33-1d5db01e357d,2018-08-14T00:36:16.057000Z,BTC-USD,1.00000000,6196.95000000,buy
match,48780349,6585387779,12731b29-2510-4dc2-832c-882b11897531,565f2953-c4e5-454b-9a33-1d5db01e357d,2018-08-14T00:36:16.057000Z,BTC-USD,0.31000000,6196.95000000,buy
match,48780350,6585387781,7acc1249-4774-41c1-8719-0a5343115054,565f2953-c4e5-454b-9a33-1d5db01e357d,2018-08-14T00:36:16.057000Z,BTC-USD,1.52786697,6196.95000000,buy
match,48780351,6585387935,b76f69ed-2ab6-42f2-95ad-9bb6f633254b,7247e18e-b7ad-472c-9833-b1c99d87e59f,2018-08-14T00:36:16.419000Z,BTC-USD,0.01360242,6196.96000000,sell
match,48780352,6585388817,89fd6ca8-87ff-4de1-a030-8271d7fe3d85,d46bf9b3-a6d1-4a99-a9a1-d4e481ec2b39,2018-08-14T00:36:18.168000Z,BTC-USD,0.09000000,6197.22000000,buy
match,48780353,6585388906,5ac37095-e43f-4c97-8722-2f0b6f37119b,e0ecc787-cf4c-4187-9c60-1014f128bc69,2018-08-14T00:36:18.317000Z,BTC-USD,1.00000000,6197.94000000,sell
match,48780354,6585388908,0138f72e-239a-404c-9d52-25cec656d8ec,e0ecc787-cf4c-4187-9c60-1014f128bc69,2018-08-14T00:36:18.317000Z,BTC-USD,0.42122805,6197.94000000,sell
match,48780355,6585388943,0138f72e-239a-404c-9d52-25cec656d8ec,10cc0284-891b-4135-88e8-6051447b959b,2018-08-14T00:36:18.379000Z,BTC-USD,2.07877195,6197.94000000,sell
match,48780356,6585388945,89929038-91ad-4738-916c-ed337edbfc35,10cc0284-891b-4135-88e8-6051447b959b,2018-08-14T00:36:18.379000Z,BTC-USD,0.00100000,6197.95000000,sell
match,48780357,6585389125,7cbf8c1f-b9a9-4981-a99a-f4ec72d73cab,c99f9b87-1eeb-40fc-a533-f57cdb1eaa7f,2018-08-14T00:36:18.750000Z,BTC-USD,0.00220509,6197.94000000,sell
match,48780358,6585389127,0932c12b-98ff-47cd-adc6-6043e2f1cc37,c99f9b87-1eeb-40fc-a533-f57cdb1eaa7f,2018-08-14T00:36:18.750000Z,BTC-USD,0.00208637,6199.05000000,sell
match,48780359,6585389129,e73ca593-0f44-4d7f-90e8-071f93fa9434,c99f9b87-1eeb-40fc-a533-f57cdb1eaa7f,2018-08-14T00:36:18.750000Z,BTC-USD,0.00100000,6199.93000000,sell
match,48780360,6585389131,6f2e13f7-cc0a-4ad3-9f9c-063dd0e1d1d8,c99f9b87-1eeb-40fc-a533-f57cdb1eaa7f,2018-08-14T00:36:18.750000Z,BTC-USD,0.00274703,6200.00000000,sell
match,48780361,6585389229,743e8609-3122-4b57-877f-1ff61ec20aa9,ec5923fc-e23f-487c-b280-29b2f5910100,2018-08-14T00:36:19.055000Z,BTC-USD,0.11101420,6199.99000000,buy
match,48780362,6585389245,6f2e13f7-cc0a-4ad3-9f9c-063dd0e1d1d8,ad54b87e-e0e3-45ec-b3c4-fc8afe97f095,2018-08-14T00:36:19.081000Z,BTC-USD,1.24443510,6200.00000000,sell
match,48780363,6585389427,6f2e13f7-cc0a-4ad3-9f9c-063dd0e1d1d8,25d9a9ec-55b0-4a17-b2af-ae8de1bc57ed,2018-08-14T00:36:19.647000Z,BTC-USD,1.50281787,6200.00000000,sell
match,48780364,6585389429,b86777a2-6547-4970-8a06-a7017181fe04,25d9a9ec-55b0-4a17-b2af-ae8de1bc57ed,2018-08-14T00:36:19.647000Z,BTC-USD,1.00000000,6200.00000000,sell
match,48780365,6585389431,1dbc8904-d70e-40d3-9d58-39989b8753fa,25d9a9ec-55b0-4a17-b2af-ae8de1bc57ed,2018-08-14T00:36:19.647000Z,BTC-USD,0.00170000,6200.00000000,sell
match,48780366,6585389433,09c93a19-cb14-47c6-99d2-6b18f99646f9,25d9a9ec-55b0-4a17-b2af-ae8de1bc57ed,2018-08-14T00:36:19.647000Z,BTC-USD,0.06451561,6200.05000000,sell
match,48780367,6585389435,42cf05c1-c3a4-4c5a-ae74-50c5082846ba,25d9a9ec-55b0-4a17-b2af-ae8de1bc57ed,2018-08-14T00:36:19.647000Z,BTC-USD,0.00200000,6200.10000000,sell
match,48780368,6585389437,a8229eff-0600-463e-a8b5-1d95cb0df32d,25d9a9ec-55b0-4a17-b2af-ae8de1bc57ed,2018-08-14T00:36:19.647000Z,BTC-USD,0.00104678,6200.10000000,sell
match,48780369,6585389794,0f5b745a-3734-42db-a4b8-d746826a4753,5a42d093-529d-4704-8426-3b5b3f4a69da,2018-08-14T00:36:20.199000Z,BTC-USD,1.00000000,6202.14000000,sell
match,48780370,6585389796,6ef8e40a-d422-4d95-bc49-1dfcecb987df,5a42d093-529d-4704-8426-3b5b3f4a69da,2018-08-14T00:36:20.199000Z,BTC-USD,0.00100000,6203.15000000,sell
match,48780371,6585389798,4ee88ca2-cbe7-4fad-b2b9-5b74e7a782ad,5a42d093-529d-4704-8426-3b5b3f4a69da,2018-08-14T00:36:20.199000Z,BTC-USD,1.00000000,6203.48000000,sell
match,48780372,6585389800,ffd4f9b7-f2fa-4ec8-88f8-3ac636c30a2e,5a42d093-529d-4704-8426-3b5b3f4a69da,2018-08-14T00:36:20.199000Z,BTC-USD,0.01000000,6204.25000000,sell
match,48780373,6585389802,c22eaaa5-f0b8-4cd3-8cb0-bcb44c8b86ca,5a42d093-529d-4704-8426-3b5b3f4a69da,2018-08-14T00:36:20.199000Z,BTC-USD,0.00100000,6204.95000000,sell
match,48780374,6585389804,4141c579-43a6-4362-a9e2-63b0ee8efba3,5a42d093-529d-4704-8426-3b5b3f4a69da,2018-08-14T00:36:20.199000Z,BTC-USD,1.60000000,6206.30000000,sell
match,48780375,6585389806,7cb76cfa-71bc-4c59-a36f-7d877f25c3b0,5a42d093-529d-4704-8426-3b5b3f4a69da,2018-08-14T00:36:20.199000Z,BTC-USD,0.50000000,6208.00000000,sell
match,48780376,6585389808,d5fcc386-ac1f-4c34-86d1-024e2a3d2407,5a42d093-529d-4704-8426-3b5b3f4a69da,2018-08-14T00:36:20.199000Z,BTC-USD,0.15750000,6208.96000000,sell
match,48780377,6585389810,c66780f0-a6bc-4d01-9f25-8056aa2dcab6,5a42d093-529d-4704-8426-3b5b3f4a69da,2018-08-14T00:36:20.199000Z,BTC-USD,0.00100000,6209.54000000,sell
match,48780378,6585389812,15e748f1-cddc-46ec-a7a0-68f2690ba9e0,5a42d093-529d-4704-8426-3b5b3f4a69da,2018-08-14T00:36:20.199000Z,BTC-USD,0.00100000,6209.88000000,sell
match,48780379,6585389814,2447dcfc-fee5-4da2-8c64-8067098bc230,5a42d093-529d-4704-8426-3b5b3f4a69da,2018-08-14T00:36:20.199000Z,BTC-USD,0.09908000,6210.00000000,sell
match,48780380,6585389816,c4f33fb0-ee23-4153-ad50-b910e60b0de2,5a42d093-529d-4704-8426-3b5b3f4a69da,2018-08-14T00:36:20.199000Z,BTC-USD,0.00100000,6210.30000000,sell
match,48780381,6585389818,96bcb2e0-2c2e-4e14-b2a1-d3eb4ca0c78c,5a42d093-529d-4704-8426-3b5b3f4a69da,2018-08-14T00:36:20.199000Z,BTC-USD,0.90000000,6210.53000000,sell
match,48780382,6585389820,e25519f2-1061-405c-9ffc-442665a89a78,5a42d093-529d-4704-8426-3b5b3f4a69da,2018-08-14T00:36:20.199000Z,BTC-USD,0.24049000,6210.54000000,sell
match,48780383,6585389822,2656b909-68a2-4d1a-b37a-1f54b3845bdc,5a42d093-529d-4704-8426-3b5b3f4a69da,2018-08-14T00:36:20.199000Z,BTC-USD,0.00100000,6211.09000000,sell
match,48780384,6585389824,e16286b9-a042-42a9-a627-d60de0e09c4c,5a42d093-529d-4704-8426-3b5b3f4a69da,2018-08-14T00:36:20.199000Z,BTC-USD,0.00100000,6211.39000000,sell
match,48780385,6585389826,5fa50dab-672b-4bfe-a47b-fec817b0dbfd,5a42d093-529d-4704-8426-3b5b3f4a69da,2018-08-14T00:36:20.199000Z,BTC-USD,0.10000000,6211.74000000,sell
match,48780386,6585389828,bd8eb624-7d88-4ed9-b912-6de156c319fc,5a42d093-529d-4704-8426-3b5b3f4a69da,2018-08-14T00:36:20.199000Z,BTC-USD,0.00125000,6211.75000000,sell
match,48780387,6585389830,e4ff7824-7056-444d-89b2-bb02d5b7f36b,5a42d093-529d-4704-8426-3b5b3f4a69da,2018-08-14T00:36:20.199000Z,BTC-USD,0.00100000,6211.95000000,sell
match,48780388,6585389832,20459174-1c92-422c-8640-aa27ce39e18d,5a42d093-529d-4704-8426-3b5b3f4a69da,2018-08-14T00:36:20.199000Z,BTC-USD,0.00100000,6212.75000000,sell
match,48780389,6585389834,66e04af1-0cde-476f-a853-e8025637e6a5,5a42d093-529d-4704-8426-3b5b3f4a69da,2018-08-14T00:36:20.199000Z,BTC-USD,0.00100000,6212.94000000,sell
match,48780390,6585389836,553bec45-4c16-4720-b9ba-814f8c1e49aa,5a42d093-529d-4704-8426-3b5b3f4a69da,2018-08-14T00:36:20.199000Z,BTC-USD,0.41287400,6213.65000000,sell
match,48780391,6585389838,a17101d0-ad3a-491a-9dec-e87376f2b2e4,5a42d093-529d-4704-8426-3b5b3f4a69da,2018-08-14T00:36:20.199000Z,BTC-USD,0.00100000,6213.93000000,sell
match,48780392,6585389840,1aea3197-928d-4c05-9a88-3260f2fcabf3,5a42d093-529d-4704-8426-3b5b3f4a69da,2018-08-14T00:36:20.199000Z,BTC-USD,0.25000000,6213.93000000,sell
match,48780393,6585389842,72d287f0-5dd0-4884-9713-0444a325338c,5a42d093-529d-4704-8426-3b5b3f4a69da,2018-08-14T00:36:20.199000Z,BTC-USD,0.29900000,6215.00000000,sell
match,48780394,6585389844,3c1624ef-3f4e-4852-adf3-edcabb72219b,5a42d093-529d-4704-8426-3b5b3f4a69da,2018-08-14T00:36:20.199000Z,BTC-USD,1.00000000,6215.00000000,sell
match,48780395,6585389846,3bff3b43-3493-496d-9ddf-ede9986894c4,5a42d093-529d-4704-8426-3b5b3f4a69da,2018-08-14T00:36:20.199000Z,BTC-USD,0.00100000,6215.11000000,sell
match,48780396,6585389848,c561eda9-c3f7-4a9f-b837-73210d7819d3,5a42d093-529d-4704-8426-3b5b3f4a69da,2018-08-14T00:36:20.199000Z,BTC-USD,0.40000000,6215.45000000,sell
match,48780397,6585389850,c2125862-07a2-40e8-a352-6bbb3cc1ffda,5a42d093-529d-4704-8426-3b5b3f4a69da,2018-08-14T00:36:20.199000Z,BTC-USD,0.38810000,6215.68000000,sell
match,48780398,6585389852,c29a9ebc-ba53-47fb-b7b1-41749caafebe,5a42d093-529d-4704-8426-3b5b3f4a69da,2018-08-14T00:36:20.199000Z,BTC-USD,0.00200000,6216.00000000,sell
match,48780399,6585389854,b429e569-e32e-4bd9-a814-57d3b161b8aa,5a42d093-529d-4704-8426-3b5b3f4a69da,2018-08-14T00:36:20.199000Z,BTC-USD,4.30000000,6216.60000000,sell
match,48780400,6585389856,108098d5-19aa-47f2-9441-494a5da9feec,5a42d093-529d-4704-8426-3b5b3f4a69da,2018-08-14T00:36:20.199000Z,BTC-USD,0.00125000,6216.75000000,sell
match,48780401,6585389858,72aead9b-b9a6-4157-ad00-b22ce62d59ff,5a42d093-529d-4704-8426-3b5b3f4a69da,2018-08-14T00:36:20.199000Z,BTC-USD,1.54876600,6216.76000000,sell
match,48780402,6585389860,e9f7eca3-adf3-445c-9259-be0470de2290,5a42d093-529d-4704-8426-3b5b3f4a69da,2018-08-14T00:36:20.199000Z,BTC-USD,0.11671841,6218.20000000,sell
match,48780403,6585389862,46dd7694-253f-4ff2-a5b1-85808e178330,5a42d093-529d-4704-8426-3b5b3f4a69da,2018-08-14T00:36:20.199000Z,BTC-USD,1.65138669,6218.21000000,sell
match,48780404,6585390002,48dc75ad-008b-41ae-b361-e4bcaae696fe,9881319f-0c5c-4753-9ec1-bcce463db8cb,2018-08-14T00:36:20.365000Z,BTC-USD,1.00000000,6210.53000000,buy
match,48780405,6585390552,b83dc748-b00e-4492-90f6-6bccf5879ca6,1b826bd2-0e48-411c-94c8-15a79dc1d160,2018-08-14T00:36:21.563000Z,BTC-USD,0.00787822,6210.54000000,sell
match,48780406,6585390663,e3813453-96c5-4355-aca1-578f4c31d6dd,e76c9570-fb8a-421e-82eb-d442817c683c,2018-08-14T00:36:21.846000Z,BTC-USD,0.20000000,6210.53000000,buy
match,48780407,6585390665,9eb92757-6da8-4ec3-ace8-0e820645b77e,e76c9570-fb8a-421e-82eb-d442817c683c,2018-08-14T00:36:21.846000Z,BTC-USD,0.04000000,6210.53000000,buy
match,48780408,6585390667,62050c76-1f2f-4df8-add8-ad8a32e45b48,e76c9570-fb8a-421e-82eb-d442817c683c,2018-08-14T00:36:21.846000Z,BTC-USD,0.00100000,6210.53000000,buy
match,48780409,6585390669,88b2bc08-b778-4c57-a63e-6dac8008cef1,e76c9570-fb8a-421e-82eb-d442817c683c,2018-08-14T00:36:21.846000Z,BTC-USD,0.51299806,6210.53000000,buy
match,48780410,6585390740,6af28de0-feb5-466e-807a-28a842fb9069,4d08df7a-c96c-4cc4-92f8-d75974543627,2018-08-14T00:36:21.953000Z,BTC-USD,1.00000000,6210.02000000,buy
match,48780411,6585391256,397cea5a-2cf8-4b42-a3b0-9385e447a827,5e5bbe02-ba68-4491-a566-08449662762c,2018-08-14T00:36:23.466000Z,BTC-USD,0.00200000,6210.00000000,buy
match,48780412,6585391288,397cea5a-2cf8-4b42-a3b0-9385e447a827,a1a2d509-55a0-429c-9427-0f1e433e868e,2018-08-14T00:36:23.541000Z,BTC-USD,0.00132000,6210.00000000,buy
match,48780413,6585391632,397cea5a-2cf8-4b42-a3b0-9385e447a827,58f703c8-a2be-4ca0-89c7-9182bfd5fd88,2018-08-14T00:36:25.205000Z,BTC-USD,0.09668000,6210.00000000,buy
match,48780414,6585391638,dcc9eb7d-6559-4d8d-a601-74fcfe762fb8,f97e8eb8-aa7f-416f-b891-4f9a3ed3db02,2018-08-14T00:36:25.209000Z,BTC-USD,0.01100000,6209.60000000,buy
match,48780415,6585391640,a029a9c9-689b-48f1-a3de-012cc995cd69,f97e8eb8-aa7f-416f-b891-4f9a3ed3db02,2018-08-14T00:36:25.209000Z,BTC-USD,0.00100000,6209.23000000,buy
match,48780416,6585391642,69dff043-dce5-404f-905a-ee0dae4f58df,f97e8eb8-aa7f-416f-b891-4f9a3ed3db02,2018-08-14T00:36:25.209000Z,BTC-USD,0.01000000,6208.76000000,buy
match,48780417,6585391876,da898e8a-638f-41c4-b61f-6031810da2b7,76261c4b-6340-4896-a848-a1047678b2f3,2018-08-14T00:36:25.659000Z,BTC-USD,0.00200000,6206.21000000,buy
match,48780418,6585391878,1186067a-7071-4d2c-a97c-44484cca2e72,76261c4b-6340-4896-a848-a1047678b2f3,2018-08-14T00:36:25.659000Z,BTC-USD,0.00100000,6205.01000000,buy
match,48780419,6585391880,a33651a2-54cf-4d49-a8c6-b59dce863de0,76261c4b-6340-4896-a848-a1047678b2f3,2018-08-14T00:36:25.659000Z,BTC-USD,0.00100000,6205.01000000,buy
match,48780420,6585391882,d67dbb75-aae6-4cc3-8d0b-9189464261db,76261c4b-6340-4896-a848-a1047678b2f3,2018-08-14T00:36:25.659000Z,BTC-USD,0.00100000,6205.01000000,buy
match,48780421,6585391884,9b9b2786-ad39-400f-bea1-a2d044397d70,76261c4b-6340-4896-a848-a1047678b2f3,2018-08-14T00:36:25.659000Z,BTC-USD,0.00100000,6205.01000000,buy
match,48780422,6585391886,eadfd5c8-1a4c-45b6-ab09-de7e071897a9,76261c4b-6340-4896-a848-a1047678b2f3,2018-08-14T00:36:25.659000Z,BTC-USD,0.00100000,6205.01000000,buy
match,48780423,6585391888,7469bb54-5a61-4d68-9b4e-c198fbd701a1,76261c4b-6340-4896-a848-a1047678b2f3,2018-08-14T00:36:25.659000Z,BTC-USD,0.00100000,6205.01000000,buy
match,48780424,6585391890,1fcb0886-0698-4a51-9ceb-cbd87ff5db02,76261c4b-6340-4896-a848-a1047678b2f3,2018-08-14T00:36:25.659000Z,BTC-USD,0.00990000,6204.97000000,buy
match,48780425,6585392885,dcf05515-54bb-4066-bd0c-b05598f8ad56,b660d8a0-abcf-4066-ad40-3558e667a5b2,2018-08-14T00:36:27.577000Z,BTC-USD,0.00168383,6201.23000000,sell
match,48780426,6585394157,60c5b5e7-b91b-4a2a-8409-60cd4c7fd10f,2f2ed002-511b-4110-a29b-9ff574e0eb7a,2018-08-14T00:36:32.008000Z,BTC-USD,0.07893000,6201.23000000,sell
match,48780427,6585394516,60c5b5e7-b91b-4a2a-8409-60cd4c7fd10f,1a56233b-ba4a-48f6-b4c1-78e66a7e71e0,2018-08-14T00:36:33.279000Z,BTC-USD,0.06162551,6201.23000000,sell
match,48780428,6585394828,60c5b5e7-b91b-4a2a-8409-60cd4c7fd10f,dfd83460-8f43-4233-b47f-7e7a63a79137,2018-08-14T00:36:34.236000Z,BTC-USD,0.00962897,6201.23000000,sell
match,48780429,6585395481,60c5b5e7-b91b-4a2a-8409-60cd4c7fd10f,d008b008-5330-4160-955d-4a5e82f6bdbb,2018-08-14T00:36:37.398000Z,BTC-USD,0.01075216,6201.23000000,sell
match,48780430,6585395534,a7bade0b-df16-4789-a03e-5c936b5facd9,2cf56134-ab4c-451e-8074-452e7197a73c,2018-08-14T00:36:37.601000Z,BTC-USD,0.05000000,6201.22000000,buy
match,48780431,6585395536,c9aa6bc4-daef-4e01-baa9-6993791d4f65,2cf56134-ab4c-451e-8074-452e7197a73c,2018-08-14T00:36:37.601000Z,BTC-USD,0.00956205,6201.22000000,buy
match,48780432,6585395538,038c5123-f5ec-44cc-b627-1e4d9a606d3c,2cf56134-ab4c-451e-8074-452e7197a73c,2018-08-14T00:36:37.601000Z,BTC-USD,0.00454736,6201.22000000,buy
match,48780433,6585395842,038c5123-f5ec-44cc-b627-1e4d9a606d3c,8ad250ed-6016-4bd9-83e1-4ce7eedb8956,2018-08-14T00:36:38.690000Z,BTC-USD,0.00300000,6201.22000000,buy
match,48780434,6585395874,60c5b5e7-b91b-4a2a-8409-60cd4c7fd10f,e524d8c9-5ba5-4e71-a5c0-415daa061965,2018-08-14T00:36:38.902000Z,BTC-USD,0.31620111,6201.23000000,sell
match,48780435,6585396162,60c5b5e7-b91b-4a2a-8409-60cd4c7fd10f,72129f67-8be8-4878-a137-14fd64b5d2bb,2018-08-14T00:36:39.863000Z,BTC-USD,0.00144571,6201.23000000,sell
match,48780436,6585396346,897a49f6-ba21-4a91-bad8-ee5a036df2c9,76b7bb04-0145-4cd8-bb3b-0e12c8841318,2018-08-14T00:36:40.616000Z,BTC-USD,0.00463000,6201.22000000,buy
match,48780437,6585396534,60c5b5e7-b91b-4a2a-8409-60cd4c7fd10f,7795565a-221f-4966-8ec2-2c63e89fbc24,2018-08-14T00:36:41.607000Z,BTC-USD,0.06781835,6201.23000000,sell
match,48780438,6585398844,897a49f6-ba21-4a91-bad8-ee5a036df2c9,5f589ba7-5e4c-4098-aee2-17a1cb7a75cc,2018-08-14T00:36:49.388000Z,BTC-USD,0.01040000,6201.22000000,buy
match,48780439,6585399116,897a49f6-ba21-4a91-bad8-ee5a036df2c9,da6546c0-0be1-466b-bad2-bb007ceb1945,2018-08-14T00:36:50.256000Z,BTC-USD,0.00463000,6201.22000000,buy
match,48780440,6585400073,60c5b5e7-b91b-4a2a-8409-60cd4c7fd10f,b84762d8-1348-4aa1-8df5-eb94cd1ace76,2018-08-14T00:36:53.124000Z,BTC-USD,0.01542945,6201.23000000,sell
match,48780441,6585400884,60c5b5e7-b91b-4a2a-8409-60cd4c7fd10f,768dc392-7725-4c4c-8034-e4dfbb7c8e0f,2018-08-14T00:36:55.886000Z,BTC-USD,0.06943415,6201.23000000,sell
match,48780442,6585400984,60c5b5e7-b91b-4a2a-8409-60cd4c7fd10f,26c4a90e-bdd7-478b-97b1-5b506b8ab248,2018-08-14T00:36:56.162000Z,BTC-USD,0.01313459,6201.23000000,sell
match,48780443,6585400986,7e7b2c2c-b916-44fd-87c6-b8a47f046ce2,26c4a90e-bdd7-478b-97b1-5b506b8ab248,2018-08-14T00:36:56.162000Z,BTC-USD,0.00291102,6201.23000000,sell
match,48780444,6585401533,7e7b2c2c-b916-44fd-87c6-b8a47f046ce2,bd6a1b22-5733-45c7-adfc-fb70dc543f6b,2018-08-14T00:36:58.206000Z,BTC-USD,0.00369086,6201.23000000,sell
match,48780445,6585401535,e1a9765b-a90d-4673-9db3-f7fe9a546cb7,bd6a1b22-5733-45c7-adfc-fb70dc543f6b,2018-08-14T00:36:58.206000Z,BTC-USD,0.00739827,6201.23000000,sell
match,48780446,6585401537,b910137d-291e-4eb9-b4d6-c49456fbb8e8,bd6a1b22-5733-45c7-adfc-fb70dc543f6b,2018-08-14T00:36:58.206000Z,BTC-USD,0.02285695,6201.23000000,sell
match,48780447,6585401904,b910137d-291e-4eb9-b4d6-c49456fbb8e8,b6df4042-57bf-4f6e-8cc3-4e7685360f90,2018-08-14T00:36:59.500000Z,BTC-USD,0.02160220,6201.23000000,sell
match,48780448,6585402015,55f9e2fc-77a6-48ca-80db-e8b147f7243d,c132443d-f471-48e5-97d3-b8fe522dfd6f,2018-08-14T00:36:59.883000Z,BTC-USD,0.00463000,6201.22000000,buy
match,48780449,6585402108,b910137d-291e-4eb9-b4d6-c49456fbb8e8,400c3531-4b2f-4928-96cf-35f40e61b2bd,2018-08-14T00:37:00.233000Z,BTC-USD,0.01542945,6201.23000000,sell
match,48780450,6585402374,b910137d-291e-4eb9-b4d6-c49456fbb8e8,1defa8f0-1d00-4ede-b8f6-fa9002266246,2018-08-14T00:37:01.556000Z,BTC-USD,0.01542945,6201.23000000,sell
match,48780451,6585402430,55f9e2fc-77a6-48ca-80db-e8b147f7243d,e0ea6c0d-a460-43b9-9d4a-102f58cb90bf,2018-08-14T00:37:01.769000Z,BTC-USD,0.03437000,6201.22000000,buy
match,48780452,6585402432,93a9034e-c185-4130-b39d-34316097ce64,e0ea6c0d-a460-43b9-9d4a-102f58cb90bf,2018-08-14T00:37:01.769000Z,BTC-USD,0.00170000,6201.22000000,buy
match,48780453,6585402434,418625e9-3392-4d5e-87be-77a3dbb96db2,e0ea6c0d-a460-43b9-9d4a-102f58cb90bf,2018-08-14T00:37:01.769000Z,BTC-USD,0.00127000,6201.22000000,buy
match,48780454,6585402436,d3408bce-8002-4de4-9dec-3c2f27cea8c8,e0ea6c0d-a460-43b9-9d4a-102f58cb90bf,2018-08-14T00:37:01.769000Z,BTC-USD,0.01100000,6201.21000000,buy
match,48780455,6585402438,dc735049-6729-4a1c-9de3-ea58c678055f,e0ea6c0d-a460-43b9-9d4a-102f58cb90bf,2018-08-14T00:37:01.769000Z,BTC-USD,0.00200000,6201.20000000,buy
match,48780456,6585402440,ba1f86e0-cbdf-422d-865b-a4006b67cf43,e0ea6c0d-a460-43b9-9d4a-102f58cb90bf,2018-08-14T00:37:01.769000Z,BTC-USD,0.05706000,6201.17000000,buy
match,48780457,6585402943,ba1f86e0-cbdf-422d-865b-a4006b67cf43,f7e4233c-26ec-434b-a84a-32852296165c,2018-08-14T00:37:03.499000Z,BTC-USD,0.05394000,6201.17000000,buy
match,48780458,6585402945,cc1ee479-c579-488b-9c28-2fbedf20314d,f7e4233c-26ec-434b-a84a-32852296165c,2018-08-14T00:37:03.499000Z,BTC-USD,0.00110000,6201.17000000,buy
match,48780459,6585402947,80b5a028-d973-4c13-bc8d-a1a5fd7a871c,f7e4233c-26ec-434b-a84a-32852296165c,2018-08-14T00:37:03.499000Z,BTC-USD,0.01100000,6201.08000000,buy
match,48780460,6585402949,fe1c2847-a738-46c9-a497-a3de59320680,f7e4233c-26ec-434b-a84a-32852296165c,2018-08-14T00:37:03.499000Z,BTC-USD,0.03396000,6201.07000000,buy
match,48780461,6585403289,1f6b2e31-d9c2-4a46-969c-67c397a3c531,cdec2f05-142c-4dc9-b920-c7be61129f67,2018-08-14T00:37:04.301000Z,BTC-USD,0.15810056,6201.08000000,sell
match,48780462,6585403449,1f6b2e31-d9c2-4a46-969c-67c397a3c531,07d65339-2ebb-4e8f-b278-b87751aeae72,2018-08-14T00:37:04.806000Z,BTC-USD,0.04743081,6201.08000000,sell
match,48780463,6585403743,1f6b2e31-d9c2-4a46-969c-67c397a3c531,ea73aa2a-5d8d-4657-aeba-157b1baf8253,2018-08-14T00:37:05.598000Z,BTC-USD,0.01556584,6201.08000000,sell
match,48780464,6585404740,fe1c2847-a738-46c9-a497-a3de59320680,d6f2eec0-5c16-47b1-a62a-3f3b3f38c32f,2018-08-14T00:37:08.769000Z,BTC-USD,0.07704000,6201.07000000,buy
match,48780465,6585404742,087a3170-f256-43ad-bdaf-5ce7894f8110,d6f2eec0-5c16-47b1-a62a-3f3b3f38c32f,2018-08-14T00:37:08.769000Z,BTC-USD,0.00113000,6201.07000000,buy
match,48780466,6585404930,2a27806e-ac57-4742-a322-1b169c80ea43,af79b967-e356-42a2-997c-a981faf66040,2018-08-14T00:37:09.133000Z,BTC-USD,0.11100000,6201.05000000,buy
match,48780467,6585404932,6e54bde6-4886-4bc8-8b0a-dff1d0849f4f,af79b967-e356-42a2-997c-a981faf66040,2018-08-14T00:37:09.133000Z,BTC-USD,0.00145000,6201.05000000,buy
match,48780468,6585404934,6bc3dda5-21b4-47dc-a4db-40898161d260,af79b967-e356-42a2-997c-a981faf66040,2018-08-14T00:37:09.133000Z,BTC-USD,0.01100000,6201.04000000,buy
match,48780469,6585404936,b37181a0-f619-4d4f-a2d9-8b91a216a5f9,af79b967-e356-42a2-997c-a981faf66040,2018-08-14T00:37:09.133000Z,BTC-USD,0.00100000,6200.79000000,buy
match,48780470,6585404938,f044bb53-aafd-4b19-b46e-04f64161c214,af79b967-e356-42a2-997c-a981faf66040,2018-08-14T00:37:09.133000Z,BTC-USD,0.11095000,6200.75000000,buy
match,48780471,6585405813,f044bb53-aafd-4b19-b46e-04f64161c214,87ca1f82-beb7-4a3e-a43c-8a1c721b0c4a,2018-08-14T00:37:11.663000Z,BTC-USD,0.00005000,6200.75000000,buy
match,48780472,6585405815,6ee5b32f-9970-4f44-b67d-b0ddc5414f42,87ca1f82-beb7-4a3e-a43c-8a1c721b0c4a,2018-08-14T00:37:11.663000Z,BTC-USD,0.01000000,6199.51000000,buy
match,48780473,6585405817,924b8dc3-80bf-447b-a39d-72285e30df2b,87ca1f82-beb7-4a3e-a43c-8a1c721b0c4a,2018-08-14T00:37:11.663000Z,BTC-USD,0.00100100,6197.95000000,buy
match,48780474,6585405819,9def9b1d-8b56-42b6-baf3-3ee62f37dadf,87ca1f82-beb7-4a3e-a43c-8a1c721b0c4a,2018-08-14T00:37:11.663000Z,BTC-USD,0.00401852,6196.94000000,buy
match,48780475,6585405860,9c4d781b-b18a-45cb-aabd-d8ae4080cb38,2cf59eb5-5166-4bdf-8862-c17566cd202f,2018-08-14T00:37:11.706000Z,BTC-USD,0.00100000,6200.34000000,buy
match,48780476,6585405901,42654587-e6f5-4497-9ae1-9a93d249c6fa,58907e07-423f-431c-a398-d5a5a684f881,2018-08-14T00:37:11.741000Z,BTC-USD,0.01000000,6196.95000000,sell
match,48780477,6585406500,42654587-e6f5-4497-9ae1-9a93d249c6fa,32ad4fee-cacf-4129-b6af-6ab7b86f99dd,2018-08-14T00:37:13.032000Z,BTC-USD,0.00449437,6196.95000000,sell
match,48780478,6585406715,42654587-e6f5-4497-9ae1-9a93d249c6fa,e52e54a5-cd5f-4b5e-9fec-21ea5fe9ac57,2018-08-14T00:37:13.484000Z,BTC-USD,0.00980000,6196.95000000,sell
match,48780479,6585407145,42654587-e6f5-4497-9ae1-9a93d249c6fa,9a43c654-4665-4e6f-ab8a-992b832609ca,2018-08-14T00:37:14.724000Z,BTC-USD,0.00802280,6196.95000000,sell
match,48780480,6585407204,9def9b1d-8b56-42b6-baf3-3ee62f37dadf,0b239f3a-a905-4e95-9f8e-af3e94f4acac,2018-08-14T00:37:14.895000Z,BTC-USD,0.10798148,6196.94000000,buy
match,48780481,6585407206,1e1c3ab9-026f-4cf8-85ff-886651af3ea1,0b239f3a-a905-4e95-9f8e-af3e94f4acac,2018-08-14T00:37:14.895000Z,BTC-USD,0.00193000,6196.94000000,buy
match,48780482,6585407208,8481f8eb-a12a-4475-b2df-987e006ebaff,0b239f3a-a905-4e95-9f8e-af3e94f4acac,2018-08-14T00:37:14.895000Z,BTC-USD,0.00765052,6196.94000000,buy
match,48780483,6585407210,97cf9357-1f5e-49cb-b047-a57d7d092cde,0b239f3a-a905-4e95-9f8e-af3e94f4acac,2018-08-14T00:37:14.895000Z,BTC-USD,0.00100000,6195.78000000,buy
match,48780484,6585407212,b1e049bd-5bc3-4aff-84a1-eca62a943921,0b239f3a-a905-4e95-9f8e-af3e94f4acac,2018-08-14T00:37:14.895000Z,BTC-USD,0.01000000,6195.70000000,buy
match,48780485,6585407214,ec106238-318e-422a-ae1b-15bb353b6304,0b239f3a-a905-4e95-9f8e-af3e94f4acac,2018-08-14T00:37:14.895000Z,BTC-USD,0.00100000,6192.16000000,buy
match,48780486,6585407216,d16c9ecf-ef6b-4e9f-9136-37fe9df51581,0b239f3a-a905-4e95-9f8e-af3e94f4acac,2018-08-14T00:37:14.895000Z,BTC-USD,0.00043800,6192.16000000,buy
match,48780487,6585409157,912bf40f-7c41-4660-8b63-369507b53416,7d5b7a58-a4b9-4dc3-ace9-df8036e96eb8,2018-08-14T00:37:18.478000Z,BTC-USD,0.09300000,6192.18000000,buy
